<?xml version="1.0" encoding="UTF-8"?>
<!DOCTYPE html PUBLIC "-//W3C//DTD XHTML 1.0 Transitional//EN"
    "http://www.w3.org/TR/xhtml1/DTD/xhtml1-transitional.dtd">
<html xmlns="http://www.w3.org/1999/xhtml" xml:lang="en" lang="en">
 <head>
  <title>
</title>
<meta http-equiv="Content-Type" content="text/html;charset=utf-8" />
  <meta name='ocr-system' content='tesseract 3.04.00' />
  <meta name='ocr-capabilities' content='ocr_page ocr_carea ocr_par ocr_line ocrx_word'/>
</head>
<body>
  <div class='ocr_page' id='page_1' title='image "./orationesqudams02cicegoog/orationesqudams02cicegoog_0091.png"; bbox 0 0 2692 4484; ppageno 0'>
   <div class='ocr_carea' id='block_1_1' title="bbox 163 333 979 402">
    <p class='ocr_par' dir='ltr' id='par_1_1' title="bbox 163 333 979 402">
     <span class='ocr_line' id='line_1_1' title="bbox 163 333 979 402; baseline -0.01 -13"><span class='ocrx_word' id='word_1_1' title='bbox 163 340 205 402; x_wconf 77' lang='grc'>86</span> <span class='ocrx_word' id='word_1_2' title='bbox 414 335 552 386; x_wconf 79' lang='lat' dir='ltr'>ORATIO</span> <span class='ocrx_word' id='word_1_3' title='bbox 574 335 644 385; x_wconf 83' lang='lat' dir='ltr'>PRO</span> <span class='ocrx_word' id='word_1_4' title='bbox 665 333 766 384; x_wconf 77' lang='lat' dir='ltr'>REGE</span> <span class='ocrx_word' id='word_1_5' title='bbox 783 334 979 384; x_wconf 68' lang='lat' dir='ltr'><strong>DEIOTARO.</strong></span> 
     </span>
    </p>
   </div>
   <div class='ocr_carea' id='block_1_2' title="bbox 166 476 1236 2213">
    <p class='ocr_par' dir='ltr' id='par_1_2' title="bbox 166 476 1236 2213">
     <span class='ocr_line' id='line_1_2' title="bbox 213 476 1211 556; baseline -0.002 -17"><span class='ocrx_word' id='word_1_6' title='bbox 213 481 313 540; x_wconf 88' lang='lat' dir='ltr'>solere.</span> <span class='ocrx_word' id='word_1_7' title='bbox 354 478 447 556; x_wconf 87' lang='lat' dir='ltr'>Frugi</span> <span class='ocrx_word' id='word_1_8' title='bbox 471 479 618 538; x_wconf 88' lang='lat' dir='ltr'>hominem</span> <span class='ocrx_word' id='word_1_9' title='bbox 640 478 711 549; x_wconf 88' lang='lat' dir='ltr'>dici,</span> <span class='ocrx_word' id='word_1_10' title='bbox 730 497 790 534; x_wconf 90' lang='lat' dir='ltr'>non</span> <span class='ocrx_word' id='word_1_11' title='bbox 811 476 933 534; x_wconf 93' lang='lat' dir='ltr'>multum</span> <span class='ocrx_word' id='word_1_12' title='bbox 953 477 1041 534; x_wconf 91' lang='lat' dir='ltr'>habet</span> <span class='ocrx_word' id='word_1_13' title='bbox 1058 477 1155 535; x_wconf 87' lang='lat' dir='ltr'>laudis</span> <span class='ocrx_word' id='word_1_14' title='bbox 1178 480 1211 537; x_wconf 91' lang='lat' dir='ltr'>in</span> 
     </span>
     <span class='ocr_line' id='line_1_3' title="bbox 213 557 1212 637; baseline -0.003 -19"><span class='ocrx_word' id='word_1_15' title='bbox 213 580 298 637; x_wconf 80' lang='lat' dir='ltr'>rege3</span> <span class='ocrx_word' id='word_1_16' title='bbox 320 560 432 629; x_wconf 83' lang='lat' dir='ltr'>sortem,</span> <span class='ocrx_word' id='word_1_17' title='bbox 451 558 571 634; x_wconf 84' lang='lat' dir='ltr'>justum,</span> <span class='ocrx_word' id='word_1_18' title='bbox 590 576 733 628; x_wconf 86' lang='lat' dir='ltr'>severum,</span> <span class='ocrx_word' id='word_1_19' title='bbox 755 574 881 633; x_wconf 80' lang='lat' dir='ltr'>gravem,</span> <span class='ocrx_word' id='word_1_20' title='bbox 904 557 1134 632; x_wconf 81' lang='lat' dir='ltr'>magnanimum,</span> <span class='ocrx_word' id='word_1_21' title='bbox 1153 559 1212 615; x_wconf 91' lang='lat' dir='ltr'>lar·</span> 
     </span>
     <span class='ocr_line' id='line_1_4' title="bbox 213 628 1210 717; baseline -0.002 -21"><span class='ocrx_word' id='word_1_22' title='bbox 213 659 292 717; x_wconf 80' lang='lat' dir='ltr'>gum,</span> <span class='ocrx_word' id='word_1_23' title='bbox 307 638 481 709; x_wconf 86' lang='lat' dir='ltr'>beneficum,</span> <span class='ocrx_word' id='word_1_24' title='bbox 494 638 644 695; x_wconf 90' lang='lat' dir='ltr'>liberalem</span> <span class='ocrx_word' id='word_1_25' title='bbox 653 657 661 706; x_wconf 91' lang='lat'>;</span> <span class='ocrx_word' id='word_1_26' title='bbox 683 637 728 692; x_wconf 74' lang='lat' dir='ltr'>hae</span> <span class='ocrx_word' id='word_1_27' title='bbox 747 647 815 693; x_wconf 88' lang='lat' dir='ltr'>suut</span> <span class='ocrx_word' id='word_1_28' title='bbox 838 635 926 711; x_wconf 82' lang='lat' dir='ltr'>regiae</span> <span class='ocrx_word' id='word_1_29' title='bbox 946 632 1072 692; x_wconf 55' lang='lat' dir='ltr'>laudes}</span> <span class='ocrx_word' id='word_1_30' title='bbox 1087 628 1136 693; x_wconf 85' lang='lat' dir='ltr'>illa</span> <span class='ocrx_word' id='word_1_31' title='bbox 1150 638 1210 712; x_wconf 89' lang='lat' dir='ltr'>pri·</span> 
     </span>
     <span class='ocr_line' id='line_1_5' title="bbox 213 715 1209 791; baseline -0.004 -15"><span class='ocrx_word' id='word_1_32' title='bbox 213 729 279 776; x_wconf 87' lang='lat' dir='ltr'>vata</span> <span class='ocrx_word' id='word_1_33' title='bbox 291 727 343 774; x_wconf 90' lang='lat' dir='ltr'>est.</span> <span class='ocrx_word' id='word_1_34' title='bbox 385 717 424 774; x_wconf 94' lang='lat' dir='ltr'>Ut</span> <span class='ocrx_word' id='word_1_35' title='bbox 447 718 530 787; x_wconf 81' lang='lat' dir='ltr'>volet,</span> <span class='ocrx_word' id='word_1_36' title='bbox 544 717 665 791; x_wconf 84' lang='lat' dir='ltr'>quisque</span> <span class='ocrx_word' id='word_1_37' title='bbox 687 715 830 791; x_wconf 87' lang='lat' dir='ltr'>accipiat:</span> <span class='ocrx_word' id='word_1_38' title='bbox 859 732 914 790; x_wconf 86' lang='lat' dir='ltr'>ego</span> <span class='ocrx_word' id='word_1_39' title='bbox 936 725 1036 771; x_wconf 89' lang='lat' dir='ltr'>tamen</span> <span class='ocrx_word' id='word_1_40' title='bbox 1059 715 1209 791; x_wconf 82' lang='lat' dir='ltr'>frugalita-</span> 
     </span>
     <span class='ocr_line' id='line_1_6' title="bbox 181 793 1206 869; baseline -0.003 -14"><span class='ocrx_word' id='word_1_41' title='bbox 181 802 200 855; x_wconf 86' lang='lat'><strong>5</strong></span> <span class='ocrx_word' id='word_1_42' title='bbox 213 808 282 868; x_wconf 89' lang='lat' dir='ltr'>tem,</span> <span class='ocrx_word' id='word_1_43' title='bbox 297 797 327 855; x_wconf 93' lang='lat' dir='ltr'>id</span> <span class='ocrx_word' id='word_1_44' title='bbox 341 805 395 866; x_wconf 90' lang='lat' dir='ltr'>est,</span> <span class='ocrx_word' id='word_1_45' title='bbox 409 795 579 853; x_wconf 75' lang='lat' dir='ltr'>modestiam</span> <span class='ocrx_word' id='word_1_46' title='bbox 593 805 623 851; x_wconf 88' lang='lat' dir='ltr'>et</span> <span class='ocrx_word' id='word_1_47' title='bbox 636 793 867 869; x_wconf 80' lang='lat' dir='ltr'>temperantiam,</span> <span class='ocrx_word' id='word_1_48' title='bbox 882 793 1017 850; x_wconf 88' lang='lat' dir='ltr'>virtutem</span> <span class='ocrx_word' id='word_1_49' title='bbox 1038 812 1101 850; x_wconf 92' lang='lat' dir='ltr'>esse</span> <span class='ocrx_word' id='word_1_50' title='bbox 1116 795 1206 852; x_wconf 81' lang='lat' dir='ltr'>maxi·</span> 
     </span>
     <span class='ocr_line' id='line_1_7' title="bbox 213 870 1206 951; baseline -0.002 -18"><span class='ocrx_word' id='word_1_51' title='bbox 213 870 290 933; x_wconf 87' lang='lat' dir='ltr'>mam</span> <span class='ocrx_word' id='word_1_52' title='bbox 309 875 416 951; x_wconf 86' lang='lat' dir='ltr'>judico.</span> <span class='ocrx_word' id='word_1_53' title='bbox 459 874 533 930; x_wconf 83' lang='lat' dir='ltr'>Haec</span> <span class='ocrx_word' id='word_1_54' title='bbox 547 874 578 930; x_wconf 91' lang='lat' dir='ltr'>iu</span> <span class='ocrx_word' id='word_1_55' title='bbox 593 873 642 931; x_wconf 90' lang='lat' dir='ltr'>illo</span> <span class='ocrx_word' id='word_1_56' title='bbox 655 882 699 930; x_wconf 90' lang='lat' dir='ltr'>est</span> <span class='ocrx_word' id='word_1_57' title='bbox 713 873 750 929; x_wconf 92' lang='lat' dir='ltr'>ab</span> <span class='ocrx_word' id='word_1_58' title='bbox 764 872 883 929; x_wconf 92' lang='lat' dir='ltr'>ineunte</span> <span class='ocrx_word' id='word_1_59' title='bbox 897 882 992 943; x_wconf 79' lang='lat' dir='ltr'>aetate,</span> <span class='ocrx_word' id='word_1_60' title='bbox 1008 882 1070 929; x_wconf 90' lang='lat' dir='ltr'>tum</span> <span class='ocrx_word' id='word_1_61' title='bbox 1085 891 1102 928; x_wconf 90' lang='lat' dir='ltr'>a</span> <span class='ocrx_word' id='word_1_62' title='bbox 1115 892 1206 931; x_wconf 89' lang='lat' dir='ltr'>cunc·</span> 
     </span>
     <span class='ocr_line' id='line_1_8' title="bbox 214 950 1205 1028; baseline -0.004 -16"><span class='ocrx_word' id='word_1_63' title='bbox 214 955 244 1012; x_wconf 75' lang='lat' dir='ltr'>td</span> <span class='ocrx_word' id='word_1_64' title='bbox 272 954 355 1024; x_wconf 74' lang='lat' dir='ltr'>Asia,</span> <span class='ocrx_word' id='word_1_65' title='bbox 379 964 483 1011; x_wconf 86' lang='lat' dir='ltr'>tum-a</span> <span class='ocrx_word' id='word_1_66' title='bbox 507 951 722 1028; x_wconf 84' lang='lat' dir='ltr'>magistratibus</span> <span class='ocrx_word' id='word_1_67' title='bbox 748 950 907 1027; x_wconf 85' lang='lat' dir='ltr'>legatisque</span> <span class='ocrx_word' id='word_1_68' title='bbox 934 950 1050 1020; x_wconf 90' lang='lat' dir='ltr'>nostris,</span> <span class='ocrx_word' id='word_1_69' title='bbox 1078 960 1138 1008; x_wconf 92' lang='lat' dir='ltr'>tum</span> <span class='ocrx_word' id='word_1_70' title='bbox 1167 953 1205 1009; x_wconf 89' lang='lat' dir='ltr'>ab</span> 
     </span>
     <span class='ocr_line' id='line_1_9' title="bbox 214 1029 1205 1109; baseline 0 -19"><span class='ocrx_word' id='word_1_71' title='bbox 214 1033 358 1109; x_wconf 89' lang='lat' dir='ltr'>equitibus</span> <span class='ocrx_word' id='word_1_72' title='bbox 378 1031 522 1096; x_wconf 85' lang='lat' dir='ltr'>Romanis</span> <span class='ocrx_word' id='word_1_73' title='bbox 541 1031 591 1106; x_wconf 90' lang='lat' dir='ltr'>qui</span> <span class='ocrx_word' id='word_1_74' title='bbox 611 1031 641 1087; x_wconf 92' lang='lat' dir='ltr'>in</span> <span class='ocrx_word' id='word_1_75' title='bbox 663 1030 737 1088; x_wconf 79' lang='lat' dir='ltr'>Asiri</span> <span class='ocrx_word' id='word_1_76' title='bbox 758 1029 897 1106; x_wconf 87' lang='lat' dir='ltr'>negotiati</span> <span class='ocrx_word' id='word_1_77' title='bbox 917 1038 995 1101; x_wconf 84' lang='lat' dir='ltr'>sunt,</span> <span class='ocrx_word' id='word_1_78' title='bbox 1008 1041 1159 1105; x_wconf 88' lang='lat' dir='ltr'>perspecta</span> <span class='ocrx_word' id='word_1_79' title='bbox 1175 1044 1205 1090; x_wconf 89' lang='lat' dir='ltr'>et</span> 
     </span>
     <span class='ocr_line' id='line_1_10' title="bbox 195 1111 340 1170; baseline -0.014 0"><span class='ocrx_word' id='word_1_80' title='bbox 195 1122 251 1170; x_wconf 82' lang='lat' dir='ltr'>&#39;co</span> <span class='ocrx_word' id='word_1_81' title='bbox 293 1111 340 1169; x_wconf 89' lang='lat' dir='ltr'>ita.</span> 
     </span>
     <span class='ocr_line' id='line_1_11' title="bbox 166 1131 1204 1266; baseline 0.002 -23"><span class='ocrx_word' id='word_1_82' title='bbox 166 1191 210 1244; x_wconf 86' lang='lat' dir='ltr'>to·</span> <span class='ocrx_word' id='word_1_83' title='bbox 251 1131 356 1259; x_wconf 61' lang='lat' dir='ltr'>glrllultis</span> <span class='ocrx_word' id='word_1_84' title='bbox 370 1189 417 1247; x_wconf 94' lang='lat' dir='ltr'>ille</span> <span class='ocrx_word' id='word_1_85' title='bbox 431 1189 547 1265; x_wconf 89' lang='lat' dir='ltr'>quidem</span> <span class='ocrx_word' id='word_1_86' title='bbox 569 1189 707 1266; x_wconf 82' lang='lat' dir='ltr'>gradibus</span> <span class='ocrx_word' id='word_1_87' title='bbox 725 1187 885 1246; x_wconf 89' lang='lat' dir='ltr'>officiorum</span> <span class='ocrx_word' id='word_1_88' title='bbox 906 1205 976 1263; x_wconf 83' lang='lat' dir='ltr'>erga</span> <span class='ocrx_word' id='word_1_89' title='bbox 995 1187 1204 1262; x_wconf 79' lang='lat' dir='ltr'>rempublicam</span> 
     </span>
     <span class='ocr_line' id='line_1_12' title="bbox 214 1265 1204 1345; baseline -0.005 -17"><span class='ocrx_word' id='word_1_90' title='bbox 214 1280 341 1330; x_wconf 87' lang='lat' dir='ltr'>nostram</span> <span class='ocrx_word' id='word_1_91' title='bbox 363 1268 399 1326; x_wconf 89' lang='lat' dir='ltr'>ad</span> <span class='ocrx_word' id='word_1_92' title='bbox 419 1269 477 1327; x_wconf 91' lang='lat' dir='ltr'>hoc</span> <span class='ocrx_word' id='word_1_93' title='bbox 497 1269 608 1345; x_wconf 87' lang='lat' dir='ltr'>regium</span> <span class='ocrx_word' id='word_1_94' title='bbox 630 1287 736 1325; x_wconf 91' lang='lat' dir='ltr'>nomen</span> <span class='ocrx_word' id='word_1_95' title='bbox 758 1266 926 1324; x_wconf 87' lang='lat' dir='ltr'>adscendit:</span> <span class='ocrx_word' id='word_1_96' title='bbox 948 1265 999 1323; x_wconf 92' lang='lat' dir='ltr'>sed</span> <span class='ocrx_word' id='word_1_97' title='bbox 1013 1275 1110 1322; x_wconf 90' lang='lat' dir='ltr'>tamen</span> <span class='ocrx_word' id='word_1_98' title='bbox 1122 1267 1204 1342; x_wconf 90' lang='lat' dir='ltr'>quid·</span> 
     </span>
     <span class='ocr_line' id='line_1_13' title="bbox 214 1345 1204 1425; baseline -0.004 -18"><span class='ocrx_word' id='word_1_99' title='bbox 214 1347 283 1425; x_wconf 90' lang='lat' dir='ltr'>quid</span> <span class='ocrx_word' id='word_1_100' title='bbox 298 1368 316 1406; x_wconf 88' lang='lat' dir='ltr'>a</span> <span class='ocrx_word' id='word_1_101' title='bbox 329 1347 411 1405; x_wconf 90' lang='lat' dir='ltr'>bellis</span> <span class='ocrx_word' id='word_1_102' title='bbox 423 1348 522 1424; x_wconf 92' lang='lat' dir='ltr'>populi</span> <span class='ocrx_word' id='word_1_103' title='bbox 542 1346 671 1405; x_wconf 88' lang='lat' dir='ltr'>Romani</span> <span class='ocrx_word' id='word_1_104' title='bbox 693 1346 824 1416; x_wconf 80' lang='lat' dir='ltr'>vacabat,</span> <span class='ocrx_word' id='word_1_105' title='bbox 838 1365 906 1403; x_wconf 92' lang='lat' dir='ltr'>cum</span> <span class='ocrx_word' id='word_1_106' title='bbox 921 1345 1086 1421; x_wconf 85' lang='lat' dir='ltr'>homiuibus</span> <span class='ocrx_word' id='word_1_107' title='bbox 1098 1345 1204 1403; x_wconf 87' lang='lat' dir='ltr'>nostris</span> 
     </span>
     <span class='ocr_line' id='line_1_14' title="bbox 215 1423 1202 1500; baseline -0.003 -15"><span class='ocrx_word' id='word_1_108' title='bbox 215 1427 452 1498; x_wconf 87' lang='lat' dir='ltr'>consuetudines,</span> <span class='ocrx_word' id='word_1_109' title='bbox 470 1425 623 1497; x_wconf 88' lang='lat' dir='ltr'>amicitias,</span> <span class='ocrx_word' id='word_1_110' title='bbox 647 1444 695 1483; x_wconf 90' lang='lat' dir='ltr'>res</span> <span class='ocrx_word' id='word_1_111' title='bbox 717 1425 899 1500; x_wconf 80' lang='lat' dir='ltr'>rationesque</span> <span class='ocrx_word' id='word_1_112' title='bbox 915 1423 1073 1500; x_wconf 82' lang='lat' dir='ltr'>jungebat;</span> <span class='ocrx_word' id='word_1_113' title='bbox 1094 1436 1126 1481; x_wconf 94' lang='lat' dir='ltr'>ut</span> <span class='ocrx_word' id='word_1_114' title='bbox 1143 1444 1202 1482; x_wconf 91' lang='lat' dir='ltr'>non</span> 
     </span>
     <span class='ocr_line' id='line_1_15' title="bbox 215 1503 1204 1580; baseline -0.005 -16"><span class='ocrx_word' id='word_1_115' title='bbox 215 1504 309 1565; x_wconf 76' lang='lat' dir='ltr'>solnm</span> <span class='ocrx_word' id='word_1_116' title='bbox 319 1506 468 1564; x_wconf 79' lang='lat' dir='ltr'>tetrarcha</span> <span class='ocrx_word' id='word_1_117' title='bbox 481 1505 597 1576; x_wconf 90' lang='lat' dir='ltr'>nobilis,</span> <span class='ocrx_word' id='word_1_118' title='bbox 611 1503 662 1561; x_wconf 69' lang='lat' dir='ltr'>sed</span> <span class='ocrx_word' id='word_1_119' title='bbox 675 1504 801 1580; x_wconf 89' lang='lat' dir='ltr'>optimus</span> <span class='ocrx_word' id='word_1_120' title='bbox 812 1503 1029 1579; x_wconf 78' lang='lat' dir='ltr'>paterfamilias,</span> <span class='ocrx_word' id='word_1_121' title='bbox 1040 1513 1070 1560; x_wconf 91' lang='lat' dir='ltr'>et</span> <span class='ocrx_word' id='word_1_122' title='bbox 1082 1503 1204 1580; x_wconf 84' lang='lat' dir='ltr'>diligen·</span> 
     </span>
     <span class='ocr_line' id='line_1_16' title="bbox 169 1581 1236 1662; baseline -0.005 -17"><span class='ocrx_word' id='word_1_123' title='bbox 169 1592 201 1646; x_wconf 85' lang='lat'>15</span> <span class='ocrx_word' id='word_1_124' title='bbox 215 1586 343 1643; x_wconf 87' lang='lat' dir='ltr'>tissimus</span> <span class='ocrx_word' id='word_1_125' title='bbox 363 1585 491 1662; x_wconf 85' lang='lat' dir='ltr'>agricola</span> <span class='ocrx_word' id='word_1_126' title='bbox 510 1594 540 1641; x_wconf 91' lang='lat' dir='ltr'>et</span> <span class='ocrx_word' id='word_1_127' title='bbox 559 1583 724 1659; x_wconf 89' lang='lat' dir='ltr'>pecuarius,</span> <span class='ocrx_word' id='word_1_128' title='bbox 738 1584 902 1640; x_wconf 84' lang='lat' dir='ltr'>haberetur.</span> <span class='ocrx_word' id='word_1_129' title='bbox 943 1581 1006 1643; x_wconf 79' lang='lat' dir='ltr'>Qui</span> <span class='ocrx_word' id='word_1_130' title='bbox 1026 1582 1121 1658; x_wconf 88' lang='lat' dir='ltr'>igitur,</span> <span class='ocrx_word' id='word_1_131' title='bbox 1137 1583 1205 1640; x_wconf 91' lang='lat' dir='ltr'>ado-</span> <span class='ocrx_word' id='word_1_132' title='bbox 1233 1614 1236 1619; x_wconf 94' lang='lat'>·</span> 
     </span>
     <span class='ocr_line' id='line_1_17' title="bbox 214 1660 1204 1738; baseline -0.005 -15"><span class='ocrx_word' id='word_1_133' title='bbox 214 1664 338 1732; x_wconf 76' lang='lat' dir='ltr'>lemene,</span> <span class='ocrx_word' id='word_1_134' title='bbox 359 1664 488 1722; x_wconf 91' lang='lat' dir='ltr'>nondum</span> <span class='ocrx_word' id='word_1_135' title='bbox 509 1662 590 1720; x_wconf 67' lang='lat' dir='ltr'>tauta</span> <span class='ocrx_word' id='word_1_136' title='bbox 616 1662 708 1738; x_wconf 70' lang='lat' dir='ltr'>gloria</span> <span class='ocrx_word' id='word_1_137' title='bbox 733 1661 880 1738; x_wconf 72' lang='lat' dir='ltr'>praeditus,</span> <span class='ocrx_word' id='word_1_138' title='bbox 902 1660 974 1718; x_wconf 90' lang='lat' dir='ltr'>nihil</span> <span class='ocrx_word' id='word_1_139' title='bbox 1001 1679 1126 1736; x_wconf 85' lang='lat' dir='ltr'>unquam</span> <span class='ocrx_word' id='word_1_140' title='bbox 1146 1660 1204 1718; x_wconf 92' lang='lat' dir='ltr'>nisi</span> 
     </span>
     <span class='ocr_line' id='line_1_18' title="bbox 215 1739 1205 1817; baseline -0.004 -16"><span class='ocrx_word' id='word_1_141' title='bbox 215 1741 395 1801; x_wconf 82' lang='lat' dir='ltr'>severissimd</span> <span class='ocrx_word' id='word_1_142' title='bbox 410 1752 439 1799; x_wconf 88' lang='lat' dir='ltr'>et</span> <span class='ocrx_word' id='word_1_143' title='bbox 453 1739 621 1817; x_wconf 75' lang='lat' dir='ltr'>gravissime</span> <span class='ocrx_word' id='word_1_144' title='bbox 636 1741 757 1810; x_wconf 84' lang='lat' dir='ltr'>fecerit3</span> <span class='ocrx_word' id='word_1_145' title='bbox 778 1741 813 1812; x_wconf 90' lang='lat' dir='ltr'>is,</span> <span class='ocrx_word' id='word_1_146' title='bbox 827 1739 864 1803; x_wconf 75' lang='lat' dir='ltr'>eri</span> <span class='ocrx_word' id='word_1_147' title='bbox 877 1740 1098 1810; x_wconf 86' lang='lat' dir='ltr'>existimatione,</span> <span class='ocrx_word' id='word_1_148' title='bbox 1112 1740 1205 1816; x_wconf 71' lang='lat' dir='ltr'>eique</span> 
     </span>
     <span class='ocr_line' id='line_1_19' title="bbox 216 1821 460 1893; baseline 0 -15"><span class='ocrx_word' id='word_1_149' title='bbox 216 1831 310 1893; x_wconf 79' lang='lat' dir='ltr'>aetate,</span> <span class='ocrx_word' id='word_1_150' title='bbox 324 1821 460 1879; x_wconf 69' lang='lat' dir='ltr'>saltavit?</span> 
     </span>
     <span class='ocr_line' id='line_1_20' title="bbox 256 1898 1205 1978; baseline -0.003 -21"><span class='ocrx_word' id='word_1_151' title='bbox 256 1900 295 1957; x_wconf 91' lang='lat' dir='ltr'>X.</span> <span class='ocrx_word' id='word_1_152' title='bbox 316 1899 428 1958; x_wconf 87' lang='lat' dir='ltr'>Imitari</span> <span class='ocrx_word' id='word_1_153' title='bbox 448 1898 554 1978; x_wconf 78' lang='lat' dir='ltr'>potiris,</span> <span class='ocrx_word' id='word_1_154' title='bbox 579 1899 693 1970; x_wconf 84' lang='lat' dir='ltr'>Castor,</span> <span class='ocrx_word' id='word_1_155' title='bbox 719 1898 764 1956; x_wconf 80' lang='lat' dir='ltr'>avi</span> <span class='ocrx_word' id='word_1_156' title='bbox 784 1898 827 1957; x_wconf 89' lang='lat' dir='ltr'>tui</span> <span class='ocrx_word' id='word_1_157' title='bbox 847 1917 941 1957; x_wconf 91' lang='lat' dir='ltr'>mores</span> <span class='ocrx_word' id='word_1_158' title='bbox 964 1898 1205 1974; x_wconf 88' lang='lat' dir='ltr'>disciplmamque</span> 
     </span>
     <span class='ocr_line' id='line_1_21' title="bbox 166 1976 1207 2056; baseline -0.009 -14"><span class='ocrx_word' id='word_1_159' title='bbox 166 1988 202 2042; x_wconf 73' lang='lat'>20</span> <span class='ocrx_word' id='word_1_160' title='bbox 216 1979 352 2050; x_wconf 89' lang='lat' dir='ltr'>debebas,</span> <span class='ocrx_word' id='word_1_161' title='bbox 366 1976 453 2056; x_wconf 71' lang='lat' dir='ltr'>quam</span> <span class='ocrx_word' id='word_1_162' title='bbox 466 1979 575 2055; x_wconf 89' lang='lat' dir='ltr'>optimc</span> <span class='ocrx_word' id='word_1_163' title='bbox 594 1989 624 2036; x_wconf 89' lang='lat' dir='ltr'>et</span> <span class='ocrx_word' id='word_1_164' title='bbox 644 1978 804 2036; x_wconf 88' lang='lat' dir='ltr'>clarissimo</span> <span class='ocrx_word' id='word_1_165' title='bbox 817 1978 878 2036; x_wconf 87' lang='lat' dir='ltr'>viro</span> <span class='ocrx_word' id='word_1_166' title='bbox 900 1977 1010 2054; x_wconf 74' lang='lat' dir='ltr'>fugitivi</span> <span class='ocrx_word' id='word_1_167' title='bbox 1023 1996 1074 2034; x_wconf 90' lang='lat' dir='ltr'>ore</span> <span class='ocrx_word' id='word_1_168' title='bbox 1087 1977 1207 2034; x_wconf 92' lang='lat' dir='ltr'>maledi-</span> 
     </span>
     <span class='ocr_line' id='line_1_22' title="bbox 217 2056 1207 2131; baseline -0.006 -14"><span class='ocrx_word' id='word_1_169' title='bbox 217 2077 292 2117; x_wconf 88' lang='lat' dir='ltr'>cere.</span> <span class='ocrx_word' id='word_1_170' title='bbox 333 2056 425 2120; x_wconf 80' lang='lat' dir='ltr'>Qubd</span> <span class='ocrx_word' id='word_1_171' title='bbox 445 2059 470 2117; x_wconf 85' lang='lat' dir='ltr'>si</span> <span class='ocrx_word' id='word_1_172' title='bbox 491 2058 655 2116; x_wconf 87' lang='lat' dir='ltr'>saltatorem</span> <span class='ocrx_word' id='word_1_173' title='bbox 677 2077 762 2115; x_wconf 88' lang='lat' dir='ltr'>avum</span> <span class='ocrx_word' id='word_1_174' title='bbox 784 2057 941 2126; x_wconf 87' lang='lat' dir='ltr'>habuisses,</span> <span class='ocrx_word' id='word_1_175' title='bbox 962 2074 1062 2131; x_wconf 77' lang='lat' dir='ltr'>neque·</span> <span class='ocrx_word' id='word_1_176' title='bbox 1076 2074 1144 2112; x_wconf 90' lang='lat' dir='ltr'>eum</span> <span class='ocrx_word' id='word_1_177' title='bbox 1164 2056 1207 2112; x_wconf 88' lang='lat' dir='ltr'>vi·</span> 
     </span>
     <span class='ocr_line' id='line_1_23' title="bbox 178 2136 1205 2213; baseline -0.009 -13"><span class='ocrx_word' id='word_1_178' title='bbox 178 2196 181 2201; x_wconf 81' lang='grc'><strong>,</strong></span> <span class='ocrx_word' id='word_1_179' title='bbox 216 2156 291 2210; x_wconf 89' lang='lat' dir='ltr'>rum,</span> <span class='ocrx_word' id='word_1_180' title='bbox 306 2139 384 2195; x_wconf 88' lang='lat' dir='ltr'>unde</span> <span class='ocrx_word' id='word_1_181' title='bbox 397 2137 516 2213; x_wconf 87' lang='lat' dir='ltr'>pudoris</span> <span class='ocrx_word' id='word_1_182' title='bbox 529 2136 734 2213; x_wconf 68' lang='lat' dir='ltr'>pudicitiaque</span> <span class='ocrx_word' id='word_1_183' title='bbox 752 2136 883 2212; x_wconf 83' lang='lat' dir='ltr'>exempla</span> <span class='ocrx_word' id='word_1_184' title='bbox 903 2141 1083 2211; x_wconf 82' lang='lat' dir='ltr'>peterentm3</span> <span class='ocrx_word' id='word_1_185' title='bbox 1104 2144 1205 2191; x_wconf 89' lang='lat' dir='ltr'>tamen</span> 
     </span>
    </p>
   </div>
   <div class='ocr_carea' id='block_1_3' title="bbox 218 2208 1285 2275">
    <p class='ocr_par' dir='ltr' id='par_1_3' title="bbox 218 2208 1285 2275">
     <span class='ocr_line' id='line_1_24' title="bbox 218 2208 1285 2275; baseline -0.005 -1"><span class='ocrx_word' id='word_1_186' title='bbox 218 2217 274 2274; x_wconf 91' lang='lat' dir='ltr'>hoc</span> <span class='ocrx_word' id='word_1_187' title='bbox 288 2217 475 2275; x_wconf 90' lang='lat' dir='ltr'>maledictum</span> <span class='ocrx_word' id='word_1_188' title='bbox 496 2214 616 2274; x_wconf 75' lang='lat' dir='ltr'>minime</span> <span class='ocrx_word' id='word_1_189' title='bbox 638 2208 768 2274; x_wconf 86' lang='lat' dir='ltr'>inillam</span> <span class='ocrx_word' id='word_1_190' title='bbox 787 2226 900 2273; x_wconf 85' lang='lat' dir='ltr'>aetatem</span> <span class='ocrx_word' id='word_1_191' title='bbox 914 2212 1088 2271; x_wconf 87' lang='lat' dir='ltr'>conveniret.</span> <span class='ocrx_word' id='word_1_192' title='bbox 1128 2211 1206 2273; x_wconf 80' lang='lat' dir='ltr'>Qni-</span> <span class='ocrx_word' id='word_1_193' title='bbox 1281 2218 1285 2221; x_wconf 72' lang='grc'><strong><em>’</em></strong></span> 
     </span>
    </p>
   </div>
   <div class='ocr_carea' id='block_1_4' title="bbox 129 2290 1217 3628">
    <p class='ocr_par' dir='ltr' id='par_1_4' title="bbox 167 2290 1217 2684">
     <span class='ocr_line' id='line_1_25' title="bbox 218 2290 1206 2367; baseline -0.004 -15"><span class='ocrx_word' id='word_1_194' title='bbox 218 2295 272 2353; x_wconf 89' lang='lat' dir='ltr'>bus</span> <span class='ocrx_word' id='word_1_195' title='bbox 292 2296 340 2354; x_wconf 94' lang='lat' dir='ltr'>ille</span> <span class='ocrx_word' id='word_1_196' title='bbox 361 2296 463 2354; x_wconf 90' lang='lat' dir='ltr'>studiis</span> <span class='ocrx_word' id='word_1_197' title='bbox 484 2296 520 2353; x_wconf 91' lang='lat' dir='ltr'>ab</span> <span class='ocrx_word' id='word_1_198' title='bbox 541 2296 659 2354; x_wconf 90' lang='lat' dir='ltr'>ineunte</span> <span class='ocrx_word' id='word_1_199' title='bbox 681 2305 764 2352; x_wconf 85' lang='lat' dir='ltr'>aetate</span> <span class='ocrx_word' id='word_1_200' title='bbox 778 2315 809 2351; x_wconf 90' lang='lat' dir='ltr'>se</span> <span class='ocrx_word' id='word_1_201' title='bbox 824 2293 975 2365; x_wconf 85' lang='lat' dir='ltr'>imbuerat,</span> <span class='ocrx_word' id='word_1_202' title='bbox 989 2311 1048 2349; x_wconf 87' lang='lat' dir='ltr'>non</span> <span class='ocrx_word' id='word_1_203' title='bbox 1069 2290 1206 2367; x_wconf 22' lang='lat' dir='ltr'>saltandi,-</span> 
     </span>
     <span class='ocr_line' id='line_1_26' title="bbox 167 2370 1204 2451; baseline -0.004 -20"><span class='ocrx_word' id='word_1_204' title='bbox 167 2371 205 2424; x_wconf 53' lang='grc' dir='ltr'>ὓ</span> <span class='ocrx_word' id='word_1_205' title='bbox 218 2375 269 2431; x_wconf 91' lang='lat' dir='ltr'>sed</span> <span class='ocrx_word' id='word_1_206' title='bbox 284 2376 358 2433; x_wconf 86' lang='lat' dir='ltr'>bene</span> <span class='ocrx_word' id='word_1_207' title='bbox 372 2384 404 2432; x_wconf 85' lang='lat' dir='ltr'>ut</span> <span class='ocrx_word' id='word_1_208' title='bbox 418 2374 521 2445; x_wconf 71' lang='lat' dir='ltr'>armis,</span> <span class='ocrx_word' id='word_1_209' title='bbox 529 2373 637 2451; x_wconf 78' lang='lat' dir='ltr'>optime</span> <span class='ocrx_word' id='word_1_210' title='bbox 652 2384 684 2431; x_wconf 94' lang='lat' dir='ltr'>ut</span> <span class='ocrx_word' id='word_1_211' title='bbox 697 2374 780 2450; x_wconf 89' lang='lat' dir='ltr'>equis</span> <span class='ocrx_word' id='word_1_212' title='bbox 798 2370 941 2441; x_wconf 84' lang='lat' dir='ltr'>uteretur;</span> <span class='ocrx_word' id='word_1_213' title='bbox 962 2390 998 2428; x_wconf 88' lang='lat' dir='ltr'>ea</span> <span class='ocrx_word' id='word_1_214' title='bbox 1011 2381 1110 2435; x_wconf 89' lang='lat' dir='ltr'>tamen</span> <span class='ocrx_word' id='word_1_215' title='bbox 1124 2371 1204 2431; x_wconf 91' lang='lat' dir='ltr'>illum</span> 
     </span>
     <span class='ocr_line' id='line_1_27' title="bbox 218 2450 1217 2528; baseline -0.002 -19"><span class='ocrx_word' id='word_1_216' title='bbox 218 2462 331 2510; x_wconf 84' lang='lat' dir='ltr'>cuncta</span> <span class='ocrx_word' id='word_1_217' title='bbox 347 2453 417 2528; x_wconf 89' lang='lat' dir='ltr'>jam,</span> <span class='ocrx_word' id='word_1_218' title='bbox 443 2463 526 2513; x_wconf 83' lang='lat' dir='ltr'>aetate</span> <span class='ocrx_word' id='word_1_219' title='bbox 547 2452 661 2523; x_wconf 70' lang='lat' dir='ltr'>exacti,</span> <span class='ocrx_word' id='word_1_220' title='bbox 686 2453 861 2510; x_wconf 82' lang='lat' dir='ltr'>defecerant.</span> <span class='ocrx_word' id='word_1_221' title='bbox 903 2451 1014 2526; x_wconf 88' lang='lat' dir='ltr'>Itaque,</span> <span class='ocrx_word' id='word_1_222' title='bbox 1035 2450 1217 2508; x_wconf 64' lang='lat' dir='ltr'>Deiotarum·</span> 
     </span>
     <span class='ocr_line' id='line_1_28' title="bbox 218 2528 1205 2607; baseline -0.001 -21"><span class='ocrx_word' id='word_1_223' title='bbox 218 2528 287 2587; x_wconf 82' lang='lat' dir='ltr'>chnr</span> <span class='ocrx_word' id='word_1_224' title='bbox 308 2531 403 2606; x_wconf 88' lang='lat' dir='ltr'>plures</span> <span class='ocrx_word' id='word_1_225' title='bbox 426 2531 456 2589; x_wconf 92' lang='lat' dir='ltr'>in</span> <span class='ocrx_word' id='word_1_226' title='bbox 477 2550 582 2606; x_wconf 90' lang='lat' dir='ltr'>equum</span> <span class='ocrx_word' id='word_1_227' title='bbox 604 2530 796 2602; x_wconf 89' lang='lat' dir='ltr'>sustulissent,</span> <span class='ocrx_word' id='word_1_228' title='bbox 810 2529 887 2607; x_wconf 81' lang='lat' dir='ltr'>qubd</span> <span class='ocrx_word' id='word_1_229' title='bbox 901 2531 1009 2587; x_wconf 84' lang='lat' dir='ltr'>hae&#39;rere</span> <span class='ocrx_word' id='word_1_230' title='bbox 1022 2528 1054 2586; x_wconf 88' lang='lat' dir='ltr'>in</span> <span class='ocrx_word' id='word_1_231' title='bbox 1067 2548 1103 2586; x_wconf 91' lang='lat' dir='ltr'>ec</span> <span class='ocrx_word' id='word_1_232' title='bbox 1116 2548 1205 2586; x_wconf 86' lang='lat' dir='ltr'>senex</span> 
     </span>
     <span class='ocr_line' id='line_1_29' title="bbox 217 2608 1205 2684; baseline -0.002 -18"><span class='ocrx_word' id='word_1_233' title='bbox 217 2617 324 2684; x_wconf 88' lang='lat' dir='ltr'>posset,</span> <span class='ocrx_word' id='word_1_234' title='bbox 341 2610 475 2667; x_wconf 90' lang='lat' dir='ltr'>admirari</span> <span class='ocrx_word' id='word_1_235' title='bbox 496 2610 666 2667; x_wconf 90' lang='lat' dir='ltr'>solebamus.</span> <span class='ocrx_word' id='word_1_236' title='bbox 709 2609 769 2667; x_wconf 85' lang='lat' dir='ltr'>Hic</span> <span class='ocrx_word' id='word_1_237' title='bbox 784 2609 852 2669; x_wconf 82' lang='lat' dir='ltr'>verb</span> <span class='ocrx_word' id='word_1_238' title='bbox 868 2608 1046 2679; x_wconf 84' lang='lat' dir='ltr'>adolescens,</span> <span class='ocrx_word' id='word_1_239' title='bbox 1060 2608 1110 2684; x_wconf 91' lang='lat' dir='ltr'>qui</span> <span class='ocrx_word' id='word_1_240' title='bbox 1123 2627 1205 2664; x_wconf 86' lang='lat' dir='ltr'>meus</span> 
     </span>
    </p>

    <p class='ocr_par' dir='ltr' id='par_1_5' title="bbox 219 2683 1206 2760">
     <span class='ocr_line' id='line_1_30' title="bbox 219 2683 1206 2760; baseline 0 -16"><span class='ocrx_word' id='word_1_241' title='bbox 219 2688 249 2744; x_wconf 93' lang='lat' dir='ltr'>in</span> <span class='ocrx_word' id='word_1_242' title='bbox 263 2686 370 2745; x_wconf 79' lang='lat' dir='ltr'>cilicia</span> <span class='ocrx_word' id='word_1_243' title='bbox 384 2688 476 2759; x_wconf 90' lang='lat' dir='ltr'>miles,</span> <span class='ocrx_word' id='word_1_244' title='bbox 491 2688 521 2745; x_wconf 93' lang='lat' dir='ltr'>in</span> <span class='ocrx_word' id='word_1_245' title='bbox 536 2688 651 2746; x_wconf 75' lang='lat' dir='ltr'>Graecid</span> <span class='ocrx_word' id='word_1_246' title='bbox 665 2690 832 2760; x_wconf 86' lang='lat' dir='ltr'>commilito,</span> <span class='ocrx_word' id='word_1_247' title='bbox 844 2689 907 2758; x_wconf 86' lang='lat' dir='ltr'>suit,</span> <span class='ocrx_word' id='word_1_248' title='bbox 919 2683 987 2747; x_wconf 79' lang='lat' dir='ltr'>cirm</span> <span class='ocrx_word' id='word_1_249' title='bbox 1002 2687 1032 2744; x_wconf 93' lang='lat' dir='ltr'>in</span> <span class='ocrx_word' id='word_1_250' title='bbox 1047 2687 1095 2744; x_wconf 92' lang='lat' dir='ltr'>illo</span> <span class='ocrx_word' id='word_1_251' title='bbox 1108 2696 1206 2744; x_wconf 91' lang='lat' dir='ltr'>nostro</span> 
     </span>
    </p>

    <p class='ocr_par' dir='ltr' id='par_1_6' title="bbox 167 2761 1205 3002">
     <span class='ocr_line' id='line_1_31' title="bbox 167 2761 1204 2846; baseline -0.002 -22"><span class='ocrx_word' id='word_1_252' title='bbox 167 2761 204 2816; x_wconf 73' lang='lat'>3⁰</span> <span class='ocrx_word' id='word_1_253' title='bbox 218 2766 348 2824; x_wconf 87' lang='lat' dir='ltr'>exercitu</span> <span class='ocrx_word' id='word_1_254' title='bbox 369 2767 509 2843; x_wconf 88' lang='lat' dir='ltr'>equitaret</span> <span class='ocrx_word' id='word_1_255' title='bbox 523 2786 591 2825; x_wconf 90' lang='lat' dir='ltr'>cum</span> <span class='ocrx_word' id='word_1_256' title='bbox 605 2768 665 2824; x_wconf 94' lang='lat' dir='ltr'>suis</span> <span class='ocrx_word' id='word_1_257' title='bbox 679 2769 799 2826; x_wconf 89' lang='lat' dir='ltr'>delectis</span> <span class='ocrx_word' id='word_1_258' title='bbox 812 2768 966 2846; x_wconf 90' lang='lat' dir='ltr'>equitibus,</span> <span class='ocrx_word' id='word_1_259' title='bbox 980 2785 1051 2841; x_wconf 91' lang='lat' dir='ltr'>quos</span> <span class='ocrx_word' id='word_1_260' title='bbox 1064 2764 1123 2822; x_wconf 78' lang='lat' dir='ltr'>una</span> <span class='ocrx_word' id='word_1_261' title='bbox 1137 2784 1204 2822; x_wconf 94' lang='lat' dir='ltr'>cum</span> 
     </span>
     <span class='ocr_line' id='line_1_32' title="bbox 218 2843 1205 2924; baseline -0.002 -22"><span class='ocrx_word' id='word_1_262' title='bbox 218 2864 253 2903; x_wconf 92' lang='lat' dir='ltr'>eo</span> <span class='ocrx_word' id='word_1_263' title='bbox 269 2845 305 2901; x_wconf 90' lang='lat' dir='ltr'>ad</span> <span class='ocrx_word' id='word_1_264' title='bbox 325 2845 494 2922; x_wconf 89' lang='lat' dir='ltr'>Pompeium</span> <span class='ocrx_word' id='word_1_265' title='bbox 515 2856 596 2922; x_wconf 91' lang='lat' dir='ltr'>pater</span> <span class='ocrx_word' id='word_1_266' title='bbox 617 2848 744 2919; x_wconf 88' lang='lat' dir='ltr'>miserat,</span> <span class='ocrx_word' id='word_1_267' title='bbox 758 2868 829 2924; x_wconf 90' lang='lat' dir='ltr'>quos</span> <span class='ocrx_word' id='word_1_268' title='bbox 851 2865 1011 2905; x_wconf 82' lang='lat' dir='ltr'>concursus</span> <span class='ocrx_word' id='word_1_269' title='bbox 1025 2846 1120 2903; x_wconf 89' lang='lat' dir='ltr'>facere</span> <span class='ocrx_word' id='word_1_270' title='bbox 1134 2843 1205 2901; x_wconf 88' lang='lat' dir='ltr'>sole·</span> 
     </span>
     <span class='ocr_line' id='line_1_33' title="bbox 219 2922 1205 3002; baseline -0.003 -21"><span class='ocrx_word' id='word_1_271' title='bbox 219 2924 284 2981; x_wconf 90' lang='lat' dir='ltr'>batl</span> <span class='ocrx_word' id='word_1_272' title='bbox 310 2922 397 3001; x_wconf 70' lang='lat' dir='ltr'>quam</span> <span class='ocrx_word' id='word_1_273' title='bbox 411 2944 442 2981; x_wconf 91' lang='lat' dir='ltr'>se</span> <span class='ocrx_word' id='word_1_274' title='bbox 453 2925 581 3000; x_wconf 84' lang='lat' dir='ltr'>jactare!</span> <span class='ocrx_word' id='word_1_275' title='bbox 603 2924 689 3001; x_wconf 78' lang='lat' dir='ltr'>qudm</span> <span class='ocrx_word' id='word_1_276' title='bbox 703 2927 865 2985; x_wconf 77' lang='lat' dir='ltr'>ostentare!</span> <span class='ocrx_word' id='word_1_277' title='bbox 886 2925 972 3002; x_wconf 76' lang='lat' dir='ltr'>qudm</span> <span class='ocrx_word' id='word_1_278' title='bbox 981 2924 1097 2983; x_wconf 85' lang='lat' dir='ltr'>nemini</span> <span class='ocrx_word' id='word_1_279' title='bbox 1111 2924 1141 2981; x_wconf 88' lang='lat' dir='ltr'>in</span> <span class='ocrx_word' id='word_1_280' title='bbox 1155 2922 1205 2979; x_wconf 75' lang='lat' dir='ltr'>illd</span> 
     </span>
    </p>

    <p class='ocr_par' dir='ltr' id='par_1_7' title="bbox 129 3001 1213 3468">
     <span class='ocr_line' id='line_1_34' title="bbox 129 3001 1205 3081; baseline 0.001 -24"><span class='ocrx_word' id='word_1_281' title='bbox 129 3048 137 3057; x_wconf 82' lang='lat'>.</span> <span class='ocrx_word' id='word_1_282' title='bbox 219 3003 309 3080; x_wconf 74' lang='lat' dir='ltr'>causb</span> <span class='ocrx_word' id='word_1_283' title='bbox 329 3005 424 3062; x_wconf 90' lang='lat' dir='ltr'>studio</span> <span class='ocrx_word' id='word_1_284' title='bbox 444 3013 472 3061; x_wconf 94' lang='lat' dir='ltr'>et</span> <span class='ocrx_word' id='word_1_285' title='bbox 493 3005 652 3081; x_wconf 89' lang='lat' dir='ltr'>cupiditate</span> <span class='ocrx_word' id='word_1_286' title='bbox 672 3005 850 3064; x_wconf 87' lang='lat' dir='ltr'>concedere!</span> <span class='ocrx_word' id='word_1_287' title='bbox 879 3004 956 3063; x_wconf 76' lang='lat' dir='ltr'>cnm</span> <span class='ocrx_word' id='word_1_288' title='bbox 977 3002 1055 3075; x_wconf 85' lang='lat' dir='ltr'>verd,</span> <span class='ocrx_word' id='word_1_289' title='bbox 1075 3001 1205 3061; x_wconf 85' lang='lat' dir='ltr'>exercitu</span> 
     </span>
     <span class='ocr_line' id='line_1_35' title="bbox 220 3081 1203 3162; baseline -0.005 -21"><span class='ocrx_word' id='word_1_290' title='bbox 220 3083 334 3155; x_wconf 87' lang='lat' dir='ltr'>amisso,</span> <span class='ocrx_word' id='word_1_291' title='bbox 349 3103 413 3161; x_wconf 88' lang='lat' dir='ltr'>ego,</span> <span class='ocrx_word' id='word_1_292' title='bbox 427 3083 476 3160; x_wconf 90' lang='lat' dir='ltr'>qui</span> <span class='ocrx_word' id='word_1_293' title='bbox 496 3084 577 3160; x_wconf 89' lang='lat' dir='ltr'>pacis</span> <span class='ocrx_word' id='word_1_294' title='bbox 598 3096 699 3143; x_wconf 88' lang='lat' dir='ltr'>auctor</span> <span class='ocrx_word' id='word_1_295' title='bbox 719 3103 832 3162; x_wconf 89' lang='lat' dir='ltr'>semper</span> <span class='ocrx_word' id='word_1_296' title='bbox 852 3085 903 3156; x_wconf 84' lang='lat' dir='ltr'>fui,</span> <span class='ocrx_word' id='word_1_297' title='bbox 924 3094 987 3162; x_wconf 89' lang='lat' dir='ltr'>post</span> <span class='ocrx_word' id='word_1_298' title='bbox 1007 3081 1203 3140; x_wconf 87' lang='lat' dir='ltr'>Pharsalicum</span> 
     </span>
     <span class='ocr_line' id='line_1_36' title="bbox 167 3161 1213 3239; baseline -0.005 -19"><span class='ocrx_word' id='word_1_299' title='bbox 167 3165 204 3221; x_wconf 80' lang='lat'>35</span> <span class='ocrx_word' id='word_1_300' title='bbox 220 3175 314 3221; x_wconf 92' lang='lat' dir='ltr'>autem</span> <span class='ocrx_word' id='word_1_301' title='bbox 327 3163 460 3239; x_wconf 89' lang='lat' dir='ltr'>proelium</span> <span class='ocrx_word' id='word_1_302' title='bbox 480 3183 579 3221; x_wconf 87' lang='lat' dir='ltr'>suasor</span> <span class='ocrx_word' id='word_1_303' title='bbox 597 3163 715 3221; x_wconf 88' lang='lat' dir='ltr'>fuissem</span> <span class='ocrx_word' id='word_1_304' title='bbox 730 3183 873 3224; x_wconf 91' lang='lat' dir='ltr'>armorum</span> <span class='ocrx_word' id='word_1_305' title='bbox 887 3184 945 3223; x_wconf 90' lang='lat' dir='ltr'>nou</span> <span class='ocrx_word' id='word_1_306' title='bbox 960 3161 1213 3239; x_wconf 84' lang='lat' dir='ltr'>deponendorum,-</span> 
     </span>
     <span class='ocr_line' id='line_1_37' title="bbox 219 3238 1205 3321; baseline -0.004 -22"><span class='ocrx_word' id='word_1_307' title='bbox 219 3244 270 3300; x_wconf 87' lang='lat' dir='ltr'>sed</span> <span class='ocrx_word' id='word_1_308' title='bbox 286 3238 532 3321; x_wconf 87' lang='lat' dir='ltr'>abjiciendorum;</span> <span class='ocrx_word' id='word_1_309' title='bbox 554 3244 633 3301; x_wconf 91' lang='lat' dir='ltr'>hunc</span> <span class='ocrx_word' id='word_1_310' title='bbox 654 3244 691 3300; x_wconf 91' lang='lat' dir='ltr'>ad</span> <span class='ocrx_word' id='word_1_311' title='bbox 712 3263 807 3303; x_wconf 88' lang='lat' dir='ltr'>meam</span> <span class='ocrx_word' id='word_1_312' title='bbox 829 3244 1028 3301; x_wconf 89' lang='lat' dir='ltr'>auctoritatem</span> <span class='ocrx_word' id='word_1_313' title='bbox 1048 3260 1107 3298; x_wconf 91' lang='lat' dir='ltr'>non</span> <span class='ocrx_word' id='word_1_314' title='bbox 1126 3238 1205 3315; x_wconf 90' lang='lat' dir='ltr'>potui</span> 
     </span>
     <span class='ocr_line' id='line_1_38' title="bbox 220 3317 1205 3398; baseline -0.004 -21"><span class='ocrx_word' id='word_1_315' title='bbox 220 3322 375 3392; x_wconf 90' lang='lat' dir='ltr'>adducere,</span> <span class='ocrx_word' id='word_1_316' title='bbox 394 3319 471 3397; x_wconf 82' lang='lat' dir='ltr'>qudd</span> <span class='ocrx_word' id='word_1_317' title='bbox 492 3330 521 3378; x_wconf 90' lang='lat' dir='ltr'>et</span> <span class='ocrx_word' id='word_1_318' title='bbox 542 3322 603 3398; x_wconf 92' lang='lat' dir='ltr'>ipse</span> <span class='ocrx_word' id='word_1_319' title='bbox 624 3323 742 3380; x_wconf 89' lang='lat' dir='ltr'>ardebat</span> <span class='ocrx_word' id='word_1_320' title='bbox 762 3323 857 3380; x_wconf 89' lang='lat' dir='ltr'>studio</span> <span class='ocrx_word' id='word_1_321' title='bbox 878 3322 967 3398; x_wconf 91' lang='lat' dir='ltr'>ipsius</span> <span class='ocrx_word' id='word_1_322' title='bbox 988 3319 1064 3389; x_wconf 90' lang='lat' dir='ltr'>belli,</span> <span class='ocrx_word' id='word_1_323' title='bbox 1084 3329 1114 3375; x_wconf 89' lang='lat' dir='ltr'>et</span> <span class='ocrx_word' id='word_1_324' title='bbox 1132 3317 1205 3393; x_wconf 91' lang='lat' dir='ltr'>patri</span> 
     </span>
     <span class='ocr_line' id='line_1_39' title="bbox 219 3397 1206 3468; baseline -0.003 -14"><span class='ocrx_word' id='word_1_325' title='bbox 219 3399 454 3456; x_wconf 90' lang='lat' dir='ltr'>satisfaciendum</span> <span class='ocrx_word' id='word_1_326' title='bbox 483 3419 547 3458; x_wconf 88' lang='lat' dir='ltr'>esse</span> <span class='ocrx_word' id='word_1_327' title='bbox 575 3400 773 3458; x_wconf 89' lang='lat' dir='ltr'>arbitrabatur.</span> <span class='ocrx_word' id='word_1_328' title='bbox 815 3400 900 3456; x_wconf 82' lang='lat' dir='ltr'>Felix</span> <span class='ocrx_word' id='word_1_329' title='bbox 923 3399 980 3455; x_wconf 90' lang='lat' dir='ltr'>ista</span> <span class='ocrx_word' id='word_1_330' title='bbox 1007 3397 1119 3465; x_wconf 87' lang='lat' dir='ltr'>domus,</span> <span class='ocrx_word' id='word_1_331' title='bbox 1142 3415 1206 3468; x_wconf 87' lang='lat' dir='ltr'>quae</span> 
     </span>
    </p>

    <p class='ocr_par' dir='ltr' id='par_1_8' title="bbox 169 3472 1208 3628">
     <span class='ocr_line' id='line_1_40' title="bbox 195 3472 1208 3552; baseline -0.003 -20"><span class='ocrx_word' id='word_1_332' title='bbox 195 3518 197 3523; x_wconf 82' lang='lat'>-</span> <span class='ocrx_word' id='word_1_333' title='bbox 219 3495 278 3533; x_wconf 92' lang='lat' dir='ltr'>non</span> <span class='ocrx_word' id='word_1_334' title='bbox 298 3476 495 3551; x_wconf 90' lang='lat' dir='ltr'>impunitatem</span> <span class='ocrx_word' id='word_1_335' title='bbox 519 3476 612 3535; x_wconf 81' lang='lat' dir='ltr'>solirm</span> <span class='ocrx_word' id='word_1_336' title='bbox 634 3478 738 3552; x_wconf 89' lang='lat' dir='ltr'>adepta</span> <span class='ocrx_word' id='word_1_337' title='bbox 759 3479 805 3547; x_wconf 89' lang='lat' dir='ltr'>sit,</span> <span class='ocrx_word' id='word_1_338' title='bbox 819 3477 870 3532; x_wconf 90' lang='lat' dir='ltr'>sed</span> <span class='ocrx_word' id='word_1_339' title='bbox 892 3476 979 3531; x_wconf 89' lang='lat' dir='ltr'>etiam</span> <span class='ocrx_word' id='word_1_340' title='bbox 1002 3472 1159 3539; x_wconf 76' lang='lat' dir='ltr'>accusandi</span> <span class='ocrx_word' id='word_1_341' title='bbox 1174 3472 1208 3529; x_wconf 91' lang='lat' dir='ltr'>li·</span> 
     </span>
     <span class='ocr_line' id='line_1_41' title="bbox 169 3547 1205 3628; baseline -0.002 -18"><span class='ocrx_word' id='word_1_342' title='bbox 169 3556 205 3610; x_wconf 79' lang='lat'>40</span> <span class='ocrx_word' id='word_1_343' title='bbox 220 3554 363 3612; x_wconf 91' lang='lat' dir='ltr'>centiam:</span> <span class='ocrx_word' id='word_1_344' title='bbox 385 3555 569 3613; x_wconf 88' lang='lat' dir='ltr'>calamitosus</span> <span class='ocrx_word' id='word_1_345' title='bbox 591 3552 756 3624; x_wconf 82' lang='lat' dir='ltr'>Deiotarus,</span> <span class='ocrx_word' id='word_1_346' title='bbox 770 3554 819 3628; x_wconf 90' lang='lat' dir='ltr'>qui</span> <span class='ocrx_word' id='word_1_347' title='bbox 840 3561 870 3609; x_wconf 94' lang='lat' dir='ltr'>et</span> <span class='ocrx_word' id='word_1_348' title='bbox 892 3552 929 3608; x_wconf 88' lang='lat' dir='ltr'>ab</span> <span class='ocrx_word' id='word_1_349' title='bbox 944 3547 1041 3624; x_wconf 89' lang='lat' dir='ltr'>ecqui</span> <span class='ocrx_word' id='word_1_350' title='bbox 1056 3547 1086 3604; x_wconf 92' lang='lat' dir='ltr'>in</span> <span class='ocrx_word' id='word_1_351' title='bbox 1101 3547 1205 3608; x_wconf 89' lang='lat' dir='ltr'>iisdem</span> 
     </span>
    </p>
   </div>
   <div class='ocr_carea' id='block_1_5' title="bbox 220 3627 1297 3709">
    <p class='ocr_par' dir='ltr' id='par_1_9' title="bbox 220 3627 1297 3709">
     <span class='ocr_line' id='line_1_42' title="bbox 220 3627 1297 3709; baseline -0.003 -19"><span class='ocrx_word' id='word_1_352' title='bbox 220 3631 322 3690; x_wconf 88' lang='lat' dir='ltr'>‘castris</span> <span class='ocrx_word' id='word_1_353' title='bbox 335 3632 430 3707; x_wconf 82' lang='lat' dir='ltr'>fuerit,</span> <span class='ocrx_word' id='word_1_354' title='bbox 445 3653 503 3692; x_wconf 87' lang='lat' dir='ltr'>non</span> <span class='ocrx_word' id='word_1_355' title='bbox 518 3632 609 3699; x_wconf 77' lang='lat' dir='ltr'>modb,</span> <span class='ocrx_word' id='word_1_356' title='bbox 619 3633 694 3709; x_wconf 90' lang='lat' dir='ltr'>apud</span> <span class='ocrx_word' id='word_1_357' title='bbox 709 3643 747 3702; x_wconf 89' lang='lat' dir='ltr'>te,</span> <span class='ocrx_word' id='word_1_358' title='bbox 760 3633 810 3689; x_wconf 88' lang='lat' dir='ltr'>sed</span> <span class='ocrx_word' id='word_1_359' title='bbox 823 3630 912 3689; x_wconf 90' lang='lat' dir='ltr'>etiam</span> <span class='ocrx_word' id='word_1_360' title='bbox 927 3627 1026 3697; x_wconf 87' lang='lat' dir='ltr'>asnis,</span> <span class='ocrx_word' id='word_1_361' title='bbox 1042 3638 1204 3687; x_wconf 90' lang='lat' dir='ltr'>accusetur.</span> <span class='ocrx_word' id='word_1_362' title='bbox 1295 3684 1297 3687; x_wconf 86' lang='lat'>.</span> 
     </span>
    </p>
   </div>
   <div class='ocr_carea' id='block_1_6' title="bbox 219 3705 1206 3869">
    <p class='ocr_par' dir='ltr' id='par_1_10' title="bbox 219 3705 1206 3869">
     <span class='ocr_line' id='line_1_43' title="bbox 220 3705 1206 3787; baseline -0.005 -18"><span class='ocrx_word' id='word_1_363' title='bbox 220 3711 281 3769; x_wconf 89' lang='lat' dir='ltr'>Vos</span> <span class='ocrx_word' id='word_1_364' title='bbox 304 3711 398 3769; x_wconf 71' lang='lat' dir='ltr'>vestra</span> <span class='ocrx_word' id='word_1_365' title='bbox 419 3711 550 3769; x_wconf 69' lang='lat' dir='ltr'>secundi</span> <span class='ocrx_word' id='word_1_366' title='bbox 572 3711 696 3780; x_wconf 69' lang='lat' dir='ltr'>fortuna,</span> <span class='ocrx_word' id='word_1_367' title='bbox 711 3711 824 3780; x_wconf 89' lang='lat' dir='ltr'>Castor,</span> <span class='ocrx_word' id='word_1_368' title='bbox 838 3728 898 3768; x_wconf 91' lang='lat' dir='ltr'>non</span> <span class='ocrx_word' id='word_1_369' title='bbox 922 3706 1052 3787; x_wconf 90' lang='lat' dir='ltr'>potestis,</span> <span class='ocrx_word' id='word_1_370' title='bbox 1066 3705 1129 3765; x_wconf 89' lang='lat' dir='ltr'>sine</span> <span class='ocrx_word' id='word_1_371' title='bbox 1142 3726 1206 3783; x_wconf 88' lang='lat' dir='ltr'>pro-</span> 
     </span>
     <span class='ocr_line' id='line_1_44' title="bbox 219 3789 860 3869; baseline -0.003 -20"><span class='ocrx_word' id='word_1_372' title='bbox 219 3790 390 3869; x_wconf 83' lang='lat' dir='ltr'>pinquorum</span> <span class='ocrx_word' id='word_1_373' title='bbox 404 3790 579 3859; x_wconf 88' lang='lat' dir='ltr'>calamitate,</span> <span class='ocrx_word' id='word_1_374' title='bbox 593 3807 657 3846; x_wconf 85' lang='lat' dir='ltr'>esse</span> <span class='ocrx_word' id='word_1_375' title='bbox 671 3789 822 3847; x_wconf 87' lang='lat' dir='ltr'>coutentil</span> <span class='ocrx_word' id='word_1_376' title='bbox 852 3790 860 3795; x_wconf 73' lang='grc'><strong>“</strong></span> 
     </span>
    </p>
   </div>
   <div class='ocr_carea' id='block_1_7' title="bbox 400 4022 413 4083">
    <p class='ocr_par' dir='ltr' id='par_1_11' title="bbox 400 4022 413 4083">
     <span class='ocr_line' id='line_1_45' title="bbox 400 4022 413 4083; baseline 0 0"><span class='ocrx_word' id='word_1_377' title='bbox 400 4022 413 4083; x_wconf 74' lang='lat'>⁴.</span> 
     </span>
    </p>
   </div>
   <div class='ocr_carea' id='block_1_8' title="bbox 0 0 1350 4484">
    <p class='ocr_par' dir='ltr' id='par_1_12' title="bbox 0 0 1350 4484">
     <span class='ocr_line' id='line_1_46' title="bbox 0 0 1350 4484; baseline 0 0"><span class='ocrx_word' id='word_1_378' title='bbox 0 0 1350 4484; x_wconf 95' lang='lat' dir='ltr'> </span> 
     </span>
    </p>
   </div>
  </div>
 </body>
</html>
