2692 4484
127 275 168 337 γε
434 266 571 318 cuano
594 268 712 326 rsoo
741 266 904 317 sicanio.

179 410 307 481 faciunn
327 418 460 469 moveant
479 418 508 466 te
528 409 630 466 horum
649 409 794 484 lacrymae,
807 418 921 467 moveat
938 411 1040 486 pietas,
1054 426 1171 474 moveat

178 488 372 567 germanitas:
393 487 487 545 valeat
499 495 550 544 tua
562 505 616 544 vox
633 486 693 558 illa,
706 506 770 563 quae
783 488 861 545 vicit
903 487 950 547 Te
969 491 1047 547 enim
1068 492 1170 552 dicere
1205 558 1208 561 ,

180 567 377 636 audiebamus,
397 564 587 653 Nospomnes
608 565 784 623 adversarios
802 577 913 642 putare,
927 567 984 625 nisi
1003 569 1052 644 qui
1072 573 1170 628 nobis-
1259 627 1261 629 ,

180 664 247 704 cum
267 654 380 714 essent;
401 653 430 701 te
442 643 615 718 omnesqui
635 654 737 701 contra
755 655 785 701 te
804 664 862 702 non
881 656 987 715 essent,
1001 648 1096 721 tuost
1115 651 1169 707 Vi·

144 725 268 790 5desne
295 723 383 800 igitur
413 723 491 779 hunc
520 721 709 797 splendorem,
729 740 843 779 omnem
866 722 944 780 hanc
970 723 1166 784 Brocchorum

179 803 305 871 domum,
333 801 412 857 hunc
438 799 472 857 L.
496 797 652 870 Marcium,
677 799 712 857 C.
737 800 904 871 Caesetium,
932 801 966 858 L.
994 802 1165 876 Corfidium,

179 880 266 938 hosce
278 897 378 937 omnes
395 877 505 951 equites
524 877 683 948 Romanos,
697 877 746 952 qui
767 879 871 936 adsunt
883 890 961 938 veste
974 882 1093 952 mutati,
1107 903 1165 940 non

179 955 272 1017 solum
291 968 373 1017 notos
390 955 453 1026 tibi,
467 952 566 1012 verium
586 955 675 1013 etiam
693 956 825 1031 probatos
838 957 923 1027 viros,
937 967 1034 1014 tecum
1055 959 1164 1017 tirissef

180 1037 277 1112 Atque
285 1036 331 1092 his
341 1033 552 1103 irascebamur3
573 1034 625 1091 hos
634 1034 867 1110 requirebamus3
882 1035 928 1091 his
937 1036 1068 1093 nonnulli
1077 1038 1165 1095 etiam
1230 1096 1238 1110 ,

130 1123 163 1176 10
182 1111 401 1190 [minabamur.]
443 1109 590 1169 conserva
616 1112 704 1188 igitur
730 1112 788 1168 tuis
807 1131 891 1182 suos3
922 1122 963 1182 ut,
983 1117 1165 1188 quemadmo-

180 1191 248 1247 dum
269 1200 374 1248 osstera
392 1207 456 1264 quae
476 1188 635 1247 dictasunt
649 1199 718 1260 ate,
732 1189 776 1246 sic
789 1190 845 1248 boc
865 1189 1044 1248 verissimum
1061 1195 1165 1269 reperi-

180 1278 252 1326 atur.

142 1338 147 1345 ’
174 1378 201 1395 ae
219 1345 292 1404 XII.
325 1343 418 1407 Quod
438 1345 463 1402 si
481 1342 597 1421 penitus
615 1344 778 1421 perspicere
796 1364 895 1420 posses
916 1347 1098 1404 concordiam
1117 1348 1165 1405 Li·

180 1424 336 1500 gariorum,
348 1441 449 1481 omnes
466 1423 568 1481 frames
584 1431 683 1480 tecum
703 1422 849 1498 judicares
869 1424 965 1481 fuisse.
1006 1423 1055 1481 ‘An
1067 1437 1189 1501 potest·

135 1502 164 1555 15
181 1503 331 1577 quisquam
344 1500 487 1571 dubitare,
501 1500 580 1576 quin,
595 1501 619 1557 si
637 1500 679 1562 Q.
695 1501 829 1577 Ligarius
843 1501 874 1558 in
886 1501 973 1558 Italia
987 1522 1050 1559 esse
1062 1504 1165 1578 potuis·

116 1612 125 1623 ·
181 1591 235 1651 set,
249 1580 280 1638 in
294 1579 395 1637 eidem
409 1578 552 1637 sententia
566 1578 679 1647 futurus
693 1578 787 1652 fixerit,
802 1579 833 1636 in
845 1579 903 1654 qui
917 1580 1018 1638 fratres
1032 1580 1165 1639 fueruntt

181 1658 260 1719 Quis
279 1666 332 1727 est,
345 1657 395 1733 qui
415 1657 516 1715 horum
537 1648 716 1717 consensum
727 1646 938 1732 conspirantem
959 1669 988 1715 et
1006 1658 1080 1734 pene
1100 1678 1167 1717 con·

182 1735 292 1806 flatum,
313 1735 343 1793 in
363 1735 420 1792 bac
438 1732 525 1810 prope
546 1733 864 1808 equalitateufraternsi,
885 1737 1092 1794 non'ncveritf
1117 1738 1166 1812 qui

183 1814 238 1871 hoc
257 1832 315 1871 non
342 1811 457 1882 sentiat,
479 1812 590 1886 quidvis
612 1809 692 1888 pribs
713 1812 840 1869 futurum
860 1812 958 1884 fiiisse,
979 1813 1065 1889 quim
1086 1827 1117 1871 ut
1137 1815 1167 1872 hi
1213 1878 1219 1885 ,

129 1900 166 1954 20
183 1892 285 1951 fratres
298 1891 425 1949 diversas
442 1890 599 1948 sententias
619 1890 803 1965 fortunasque
823 1894 1030 1966 sequerentur?
1060 1893 1167 1950 Volun-

182 1980 242 2027 tate
270 1968 357 2045 igitur
384 1986 484 2026 omnes
503 1978 600 2025 tecum
621 1968 753 2025 fuerunt:
783 1978 952 2044 tempestate
972 1970 1106 2046 abreptus
1125 1981 1168 2027 est

183 2067 276 2118 unus;
297 2047 357 2124 qui,
378 2046 403 2105 si
423 2046 543 2104 consilio
563 2045 592 2102 id
613 2045 738 2116 fecisset,
759 2056 835 2104 esset
854 2065 953 2104 eorum
972 2046 1082 2117 similis,
1097 2068 1168 2122 quos

184 2135 216 2185 tu
229 2136 326 2184 tamen
339 2126 432 2183 salvos
445 2143 508 2181 esse
521 2123 643 2180 voluisti.

224 2204 284 2262 Sed
304 2204 370 2261 ierit
390 2204 427 2260 ad
447 2201 573 2259 bellum:
594 2201 768 2271 discesserit,
789 2221 846 2260 non
867 2210 933 2259 ate
953 2199 1055 2272 solirm,
1069 2200 1167 2260 verum

131 2275 168 2344 25
185 2281 272 2340 etiam
287 2282 469 2339 afratribus:
490 2280 521 2337 hi
534 2290 563 2337 te
576 2289 659 2337 orant
672 2279 724 2336 tui.
765 2279 918 2355 Equidem,
929 2276 997 2336 cum
1009 2280 1068 2336 tuis
1080 2281 1169 2338 omni·
1199 2315 1202 2318 ·

185 2359 239 2416 bus
258 2359 381 2435 negotiis
401 2358 578 2428 interessem,
593 2356 731 2414 memorii
751 2367 845 2431 teneo,
858 2356 952 2430 qualis
972 2357 1010 2413 T.
1025 2356 1168 2434 Ligarius,

186 2446 307 2511 quaestcr
333 2436 471 2505 urbanus,
492 2435 578 2491 suerit
604 2453 675 2510 erga
693 2444 723 2492 te
742 2445 772 2492 et
791 2435 961 2511 dignitatem
981 2445 1069 2492 tuam
1097 2436 1169 2495 [Sed

184 2531 286 2591 parum
299 2521 353 2582 est,
367 2530 414 2568 me
434 2513 489 2569 hoc
507 2511 692 2570 meminisse:
714 2532 796 2588 spero
809 2513 897 2571 etiam
910 2521 949 2582 te,
964 2512 1028 2588 (qui
1041 2513 1169 2570 oblivisci

186 2591 257 2660 nihil
286 2590 369 2660 soles,
389 2588 446 2646 nisi
473 2589 602 2665 injurias,
622 2590 757 2666 quoniam
778 2592 833 2650 hcc
853 2599 897 2649 est
917 2590 1016 2661 animi,
1036 2592 1169 2665 quoniam

134 2677 170 2731 30
186 2670 274 2728 etiam
294 2667 404 2745 ingenii
424 2668 481 2746 tui)
496 2678 535 2738 te,
551 2667 658 2743 aliquid
678 2670 715 2727 de
736 2669 820 2745 hujus
840 2669 889 2726 illo
907 2669 1058 2745 questoris
1075 2670 1171 2728 officio

134 2802 139 2811 ,
187 2747 371 2824 cogitantem,
395 2746 483 2804 etiam
506 2746 542 2802 de
567 2746 630 2803 aliis
648 2747 819 2820 quibusdam
837 2747 1024 2822 questoribus
1043 2747 1171 2805 reminis·

187 2834 311 2895 centem,
331 2823 484 2882 recordari,
526 2823 586 2880 Hic
610 2824 697 2900 igitur
724 2824 762 2882 T.
782 2826 928 2902 Ligarius,
948 2825 998 2900 qui
1018 2836 1078 2883 tum
1092 2824 1168 2883 nihil

187 2902 247 2980 egit
261 2902 338 2959 aliud
353 2900 551 2979 (nequeenim
566 2903 628 2959 haec
641 2902 802 2981 divinabat)
817 2904 875 2961 nisi
894 2915 927 2961 ut
945 2913 977 2962 tu
997 2924 1064 2963 eum
1084 2903 1169 2960 studi-

186 3000 268 3040 osum
288 2981 330 3039 tui
350 2991 380 3039 et
399 2981 506 3039 bonum
527 2980 619 3037 virum
636 2980 792 3056 judicares,
807 3001 886 3040 nunc
907 3001 924 3039 a
940 2992 970 3040 te
988 2983 1104 3059 supplex
1117 2981 1171 3038 fra·
1236 3030 1239 3043 .

134 3071 171 3126 35
187 3061 240 3119 tris
269 3060 391 3119 salutem
418 3060 498 3136 petit.
522 3059 648 3129 ''Quam,
669 3058 755 3135 hujus
784 3054 947 3118 admonitus
975 3062 1081 3131 officio,
1103 3056 1169 3116 cdm

188 3140 316 3215 utrisque
343 3139 388 3197 his
414 3138 537 3210 dederis,
557 3147 615 3195 tres
642 3138 744 3197 fratres
768 3140 890 3216 optimos
915 3150 945 3197 et
965 3140 1171 3215 integerrimos,

187 3238 246 3277 non
266 3217 358 3278 solium
378 3219 433 3277 sibi
454 3219 538 3294 ipsos,
559 3236 653 3292 neque
675 3217 720 3275 his
739 3228 781 3277 tot
801 3238 836 3278 ac
856 3218 961 3276 talibus
980 3218 1059 3288 viris,
1079 3235 1172 3292 neque

187 3297 271 3354 nobis
284 3297 454 3355 necessariis
468 3297 537 3366 suis,
551 3295 703 3354 sedetiam
717 3297 891 3373 reipublice,
907 3296 1120 3353 condonaveris.

227 3373 290 3429 Fac
310 3373 407 3448 igitur,
421 3376 496 3448 quod
517 3374 552 3430 de
573 3374 689 3431 homine
709 3373 885 3448 nobilissimo
904 3383 933 3429 et
953 3371 1113 3428 clarissimo
1130 3371 1172 3425 M.

135 3460 172 3515 40
189 3448 330 3507 Marcello
343 3450 436 3507 fecisti
456 3470 547 3525 nuper
567 3451 597 3506 in
618 3451 803 3520 curi1i‚nunc
822 3449 898 3504 idem
919 3448 949 3503 in
970 3447 1030 3502 foro
1050 3446 1087 3500 de
1104 3445 1172 3519 opti·

188 3526 244 3585 mis
263 3535 293 3583 et
319 3527 388 3584 huic
413 3528 491 3584 omni
522 3527 688 3599 frequentiae
716 3525 922 3602 probatissimis
950 3522 1094 3579 fratribus.
1135 3522 1174 3579 Ut

188 3602 357 3663 concessisti
378 3605 458 3662 illum
478 3603 600 3672 senatui,
622 3605 664 3662 sic
684 3605 721 3661 da
745 3604 822 3660 hunc
841 3603 954 3678 populo,
975 3598 1059 3675 cujus
1078 3600 1175 3658 volun·

189 3693 278 3741 tatem
298 3682 477 3751 carissimam
497 3699 608 3756 semper
629 3677 773 3755 habuisti':
794 3690 833 3751 et,
848 3680 872 3736 si
886 3680 935 3738 ille
948 3680 1011 3737 dies
1024 3679 1078 3736 tibi
1091 3679 1175 3756 glori·

189 3760 346 3833 osissimus,
365 3759 470 3839 populo
494 3758 630 3819 Romano
655 3759 835 3838 gratissimus
855 3758 927 3825 fuit:
954 3759 1026 3831 noli,
1045 3759 1174 3818 obsecro.
