2692 4484
333 376 337 382 ·
393 351 528 403 ORATIO
549 350 620 400 PRO
641 346 740 398 LEGE
762 342 929 395 MANILIA.
1162 339 1204 398 43

170 521 205 559 ao
218 494 349 570 focis,'de
362 497 437 555 sanis
451 515 487 554 ao
498 493 623 570 templis,
634 492 671 550 de
684 488 772 548 totius
784 486 864 546 urbis
876 483 965 544 tentis
979 500 1015 572 aa
1028 480 1153 577 sedibus,
1200 562 1202 565 Ι

169 581 206 637 de
219 578 346 654 imperio,
361 578 398 635 de
411 576 554 644 libertate,
569 573 605 630 de
626 570 719 628 salute
739 567 840 638 Italiae,
854 565 949 640 deque
963 578 1099 652 unrversa
1113 579 1156 618 re·

168 658 294 734 publiea,
308 655 457 714 decernite
477 653 640 729 diligenter,
654 658 687 706 ut
700 645 870 716 instituistis,
885 662 921 702 ao
935 642 1068 731 mrtrter..
1097 638 1158 696 Ha·

168 737 242 794 betis
256 736 334 794 enim
348 752 415 793 eunr
429 732 587 800 consulem,
601 729 651 805 qui
671 738 701 786 et
719 744 818 802 parere
838 723 939 782 vestris
958 722 1086 780 deoretrs
1098 736 1157 777 non

128 866 131 871 .
168 815 290 885 dubitet,
304 824 333 872 et
353 832 398 883 ea,
412 831 476 887 quae
496 807 663 878 statueritis,
677 805 771 882 quoad
784 805 867 873 vivet,
882 801 1049 871 defendere,
1063 808 1093 856 et
1105 815 1157 874 per
1191 785 1210 838 ⁵

168 913 201 952 se
215 894 308 970 ipsum
320 901 466 970 prestare,
479 887 576 966 possit.

484 1105 848 1136 Ε

554 1288 785 1372 ORATIO

261 1511 403 1587 PRO
456 1508 656 1585 LEGE
708 1504 1070 1584 MANILIA.

124 1800 127 1811 Ι
177 1770 217 1815 ,A
310 1768 318 1807 ἱ
413 1766 423 1791 ·.
482 1758 502 1787 ,Ἄ

123 1860 127 1866 -
197 1818 239 1875 .1.
278 1816 416 1889 Quirino
490 1813 561 1872 mihi
588 1831 649 1871 sem
687 1810 1051 1889 rsrequensoonsgeotus
1070 1820 1163 1883 vester

177 1895 265 1955 muro
277 1880 428 1973 manuos
507 1892 578 1966 ‚nio
592 1882 658 1949 aare
708 1891 791 1951 rocus
812 1890 848 1947 aa
870 1890 1011 1966 agendum
1026 1880 1182 1966 enpust-¹

143 1989 149 1999 '
176 1995 250 2047 mus,
271 1975 308 2033 ad
328 1974 485 2034 dicendum
508 1966 706 2031 ornatissimus
726 1980 770 2027 est
790 1969 877 2039 visus,
897 1969 1045 2039 Quirites3
1067 1980 1165 2027 tamen

178 2057 233 2113 hoo
254 2054 333 2112 aditu
352 2052 457 2123 laudis,
471 2052 520 2127 qui
540 2068 651 2126 semper
669 2049 779 2124 optimo
800 2045 1043 2122 cuique3maxime
1064 2046 1165 2123 patuit,
1184 2048 1217 2111 1'0

179 2153 237 2191 non
256 2151 322 2190 mea
340 2150 387 2188 me
408 2132 548 2199 voluntas,
569 2128 620 2185 sed
647 2146 719 2185 meae
739 2126 805 2184 vitae
835 2129 978 2197 rationes,
993 2126 1029 2182 ab
1050 2125 1204 2265 ineygff'„
1262 2176 1264 2187 .
1297 2174 1306 2185 .

180 2220 264 2270 aetate
278 2218 427 2284 suscepte,
441 2206 667 2284 prohibuerunt„
696 2205 854 2265 Nemeum
869 2216 964 2276 antea,
978 2188 1126 2280 psii⁴aiiate
1158 2251 1165 2277 ,

180 2289 309 2348 nondum
330 2287 414 2362 hujus
434 2285 634 2345 auctoritatem
653 2284 711 2343 looi
731 2285 872 2365 attingere
887 2285 1041 2361 auderem
1063 2294 1168 2342 statue-
1222 2308 1225 2319 ’
1265 2296 1268 2307 ’

178 2386 308 2443 remque,
323 2365 395 2424 nihil
409 2367 477 2435 huo,
492 2363 547 2422 nisi
560 2362 719 2445 perfeetum
735 2350 1058 2442 ingenio‚‘elaboratuin
1069 2363 1167 2421 indus·
1185 2414 1190 2423 ,
1223 2424 1228 2437 ‚

181 2447 247 2517 trid,
262 2444 356 2503 afferri
369 2454 498 2521 oportere
506 2464 515 2514 ς
535 2461 620 2501 omne
631 2461 729 2500 meum
739 2454 851 2521 tempus
865 2444 1024 2503 amicorum
1034 2442 1169 2519 tempori-¹
1184 2450 1225 2506 15¹
1242 2446 1253 2463 “·

181 2526 235 2582 bus
255 2523 505 2582 transmittendum
534 2521 640 2599 putavi.
682 2521 730 2580 Ita
755 2542 847 2600 neque
874 2523 922 2581 hio
948 2523 1030 2580 locus
1057 2536 1181 2580 rannus·

182 2621 307 2679 unquam
318 2601 371 2660 fuit
385 2602 421 2659 ab
435 2601 471 2659 iis
483 2601 532 2678 qui
548 2611 671 2659 vestram
686 2620 803 2683 oausam
817 2602 1019 2671 defenderent;
1041 2611 1070 2661 et
1084 2621 1166 2661 meus

180 2683 269 2753 labor,
284 2682 314 2741 in
334 2682 508 2758 privatorum
527 2679 665 2758 perieulis
686 2680 766 2741 caste
787 2680 954 2758 integrique
974 2690 1112 2750 versatus,
1131 2700 1167 2738 ex

180 2771 273 2820 vestro
289 2760 400 2837 judicio
420 2761 546 2819 fructum
567 2769 611 2817 est
632 2759 840 2836 amplissimum
866 2771 1046 2818 consecutus.
1088 2759 1167 2817 Nam
1248 2758 1252 2767 '

181 2840 258 2912 oiim,
272 2849 384 2917 propter
405 2839 571 2898 dilationem
592 2839 784 2917 comitiorum,
798 2849 842 2897 ter
861 2850 962 2916 praetor
978 2839 1087 2916 primus
1100 2858 1168 2897 oen·
1183 2844 1220 2898 20

180 2919 262 2978 turiis
282 2918 396 2978 eunetis
415 2918 596 2977 renuntiatus
616 2937 690 2988 sum,
712 2916 798 2976 faoild
820 2918 956 2990 intellexi,
975 2918 1118 2990 Quirites,
1139 2928 1169 2976 et

180 2999 249 3075 quid
269 3000 305 3056 de
326 3017 373 3056 me
390 2998 568 3074 judicaretis,
583 3007 613 3055 et
631 2997 702 3073 quid
721 2996 785 3055 aliis
797 2998 1027 3074 praescriberetis.
1068 2996 1168 3068 Nune,

181 3077 250 3136 erim
264 3087 293 3135 et
307 3076 484 3135 auctoritatis
498 3077 528 3135 in
542 3095 589 3134 me
602 3086 715 3134 tantum
733 3075 780 3147 sit,
794 3086 932 3152 quantum
945 3097 995 3135 vos
1014 3077 1170 3134 honoribus

182 3155 355 3215 mandandis
375 3174 437 3213 esse
458 3154 595 3225 voluistis,
610 3164 639 3212 et
660 3154 697 3210 ad
717 3156 863 3232 agendum
884 3155 1028 3213 faoultatis
1047 3166 1181 3227 tantum,-

182 3246 322 3312 quantum
336 3232 444 3292 homini
457 3232 588 3310 vigilanti
602 3253 637 3291 ex
651 3232 756 3291 forensi
778 3243 831 3291 us'u
850 3232 936 3310 prope
951 3233 1117 3310 quotidiana
1129 3234 1170 3292 di·
1185 3237 1221 3291 25

183 3315 269 3373 oendi
284 3309 450 3373 exercitatio
468 3311 561 3389 potuit
575 3311 694 3382 afferre3
715 3311 806 3386 certe,
820 3323 859 3384 et,
874 3312 980 3388 siquid
995 3312 1170 3372 auctoritatis

183 3395 213 3453 in
227 3412 274 3452 me
287 3403 340 3465 est,
355 3392 390 3451 eri
412 3388 487 3468 ahud
507 3412 557 3449 eos
577 3386 651 3461 irtdr,
665 3391 715 3466 qui
735 3412 799 3450 eam
820 3391 891 3449 mihi
912 3393 1070 3462 dederunt;
1091 3394 1168 3465 et‚si

182 3473 251 3550 quid
270 3471 359 3532 etiam
379 3471 503 3530 dicendo
526 3469 663 3545 consequi
689 3490 814 3546 possum,
835 3471 872 3528 iis
890 3472 1039 3530 ostendam
1059 3474 1169 3550 potissi·

184 3550 272 3623 mrim,
287 3551 336 3628 qui
349 3551 377 3609 ei
390 3549 558 3626 quoquerei
572 3550 699 3608 fructum
712 3569 763 3609 suo
774 3550 1090 3633 judiciobteribuendum
1106 3572 1169 3610 esse

183 3641 366 3690 censuerunt.
407 3630 504 3705 Atque
518 3624 588 3687 illud
602 3628 633 3685 in
645 3628 745 3709 primis
764 3629 836 3687 mihi
854 3624 1011 3688 laetandum
1029 3630 1093 3706 jure
1106 3650 1169 3688 esse
1186 3629 1222 3684 30

183 3711 275 3783 video,
289 3709 377 3786 quod,
392 3709 422 3767 in
439 3711 495 3766 hao
508 3706 622 3767 insoliti
636 3706 707 3764 mihi
721 3728 757 3767 ex
771 3696 904 3769 hoo'looo
917 3706 1029 3767 ratione
1042 3707 1171 3778 dicendi,

184 3808 273 3847 eausa
292 3789 358 3847 talis
377 3788 474 3847 oblata
493 3797 546 3858 est,
567 3786 598 3844 in
618 3786 676 3861 qui
702 3786 793 3846 oratio
812 3788 914 3846 deesse
940 3785 1050 3845 nemini
1069 3796 1169 3860 potest.

185 3867 352 3927 Dicendum
376 3877 420 3926 est
446 3866 524 3925 enim
544 3866 581 3923 de
608 3865 663 3922 On.
685 3864 814 3941 Pompeii
845 3863 985 3940 singulari
1008 3861 1172 3935 eximiique
