2692 4484
150 245 192 303 54
428 243 565 292 ORATIO
586 243 656 293 PRO
679 243 777 293 LEGE
799 243 965 293 MANILIA.

239 390 308 447 Jam
321 387 389 448 verb
404 388 445 446 ita
458 385 559 444 faciles
573 385 667 444 aditus
690 386 727 442 ad
746 404 813 443 eum
832 386 1018 462 privatorum,
1032 387 1074 445 ita
1089 390 1193 449 liberm

200 468 386 543 querimoniae
406 467 443 524 de
467 465 588 522 oliorum
612 464 734 539 injuriis,
752 483 816 522 esse
839 465 993 535 dicuntur3
1024 476 1056 524 ut
1083 467 1118 538 is,
1139 468 1191 545 qui

201 545 529 624 dignitateprinoipibns
542 543 667 613 excellit,
682 543 820 619 facilitate
840 561 891 619 par
905 543 1012 601 infimis
1029 565 1092 603 esse
1112 548 1192 606 vide·

202 636 274 684 atur.
315 625 333 682 J
336 644 393 695 am,
406 619 546 699 quantirm
569 619 853 697 consilio,quanti1m
875 621 993 679 dicendi
1007 626 1146 699 gravitate
1160 637 1191 684 et

169 707 187 759 5
201 705 284 780 copia
297 704 401 774 valeat,
417 702 461 779 (in
474 720 531 776 quo
544 701 605 777 ipso
618 701 693 757 inest
706 701 837 776 quaedam
850 700 978 776 dignitas
991 701 1189 802 imperatoria)

201 802 259 854 vos,
272 782 415 853 Quirites,
430 783 485 839 hoc
499 781 559 857 ipso
572 779 680 837 inloco
702 799 777 856 saepe
800 777 954 856 cognastis.
996 780 1099 840 Fidem
1119 804 1189 842 vero
1217 847 1232 859 ἢ

201 861 263 938 ejus
287 861 361 919 inter
387 860 480 919 socios
501 868 638 934 quantam
662 858 819 916 existimari
842 859 959 934 putatis,
983 878 1070 934 quam
1093 862 1190 921 hostes

200 940 330 998 omniurn
343 940 472 1016 gentium
485 936 697 995 sanctissimam
708 936 888 1012 judicarint?
926 938 1116 997 Humanitate
1127 941 1189 1016 jam

201 1019 282 1076 tanta
296 1027 349 1090 est,
363 1029 396 1075 ut
418 1017 536 1076 difficile
559 1016 640 1073 dictu
661 1016 709 1086 sit,
723 1012 820 1075 utrium
834 1016 930 1074 hostes
947 1018 1040 1093 magis
1053 1018 1157 1092 virtute
1255 1058 1259 1065 ·

154 1097 188 1150 10
202 1084 437 1174 ejus'pugnantes
450 1095 607 1165 timuerint,
623 1113 660 1151 an
673 1095 927 1153 mansuetudinem
940 1096 1010 1153 victi
1024 1088 1164 1156 dileiter'in
1180 1142 1186 1156 .
1209 1080 1256 1113 Μ

203 1176 241 1233 Et
263 1177 412 1252 quisquam
436 1174 588 1245 dubitabit,
602 1173 671 1249 quin
694 1173 763 1231 huic
783 1183 896 1231 tautum
919 1174 1026 1231 bellum
1045 1179 1189 1235 transmit·

201 1255 321 1312 tendum
335 1255 382 1326 sit,
395 1254 454 1330 qui,
470 1254 506 1311 ad
518 1254 616 1311 omnia
628 1262 732 1311 nostra
747 1253 892 1311 memoria
906 1253 982 1310 bella
995 1254 1187 1321 conficienda.

202 1334 299 1391 divino
308 1335 431 1410 quodam
445 1331 565 1390 consilio
577 1342 662 1390 uams
676 1351 740 1389 esse
753 1331 911 1395 videaturt,

188 1384 310 1482 Ἣ.
350 1412 399 1484 Et,
420 1412 554 1488 quoniam
578 1410 734 1468 auctoritas
757 1408 880 1468 multdm
906 1410 937 1468 in
963 1411 1047 1470 bellis
1075 1432 1188 1489 quoque

154 1489 188 1541 15
203 1490 437 1552 administrandis
458 1500 542 1566 atque
563 1488 683 1565 imperio
704 1489 821 1547 militari
847 1490 939 1560 valet;
970 1489 1050 1549 certd
1077 1493 1187 1551 nemini

177 1594 180 1598 ·
202 1570 323 1627 dubium
331 1579 384 1642 est,
397 1569 467 1646 quin
481 1569 517 1627 eri
530 1587 562 1626 re
576 1568 653 1626 idem
673 1568 723 1626 illo
743 1568 896 1644 imperator
916 1568 1070 1645 plurimum
1089 1572 1185 1646 possit

202 1648 396 1707 Vehementer
417 1658 514 1706 autem
533 1647 677 1724 pertinere
698 1647 735 1704 ad
758 1646 834 1705 bella
861 1647 1097 1720 administranda,
1117 1650 1186 1726 quid

151 1724 188 1799 Ns
203 1728 306 1799 hostes,
321 1728 390 1803 quid
411 1727 492 1797 socii,
506 1728 543 1785 de
566 1726 784 1802 imperatoribus
808 1727 909 1783 vestris
932 1727 1105 1799 existiment,
1122 1729 1187 1805 quis

163 1806 167 1815 '
203 1806 324 1883 ignorat,
339 1805 408 1864 crim
430 1807 566 1876 sciamus,
581 1806 712 1862 homines
736 1804 766 1863 in
789 1805 878 1862 tantis
901 1806 996 1878 rebus,
1011 1816 1044 1864 ut
1058 1818 1107 1865 aut
1120 1828 1187 1866 con·

151 1886 187 1939 20
202 1894 341 1957 temnant,
356 1894 406 1942 aut
425 1894 563 1955 metuant,
579 1894 627 1941 aut
647 1884 770 1967 oderint,
786 1894 837 1961 ειμι,
852 1894 962 1973 pment,
975 1886 1109 1961 opinione
1128 1907 1186 1945 non

114 2002 121 2014 x
202 1962 299 2021 mimis
312 1965 405 2035 famae,
419 1961 505 2041 quam
520 1963 615 2039 aliqua
629 1963 710 2020 cerui
729 1954 850 2034 ratibne,
863 1965 1057 2022 commoverit
1095 1965 1186 2027 Quod

202 2042 290 2119 igitur
309 2063 414 2102 nomen
434 2062 560 2118 unquam
581 2043 611 2100 in
631 2043 701 2099 orbe
721 2053 861 2099 terrarum
882 2042 989 2100 clarius
1009 2043 1082 2100 fuist
1103 2044 1185 2120 cujus

202 2141 248 2179 res
261 2133 349 2199 gestae
362 2123 465 2200 pareat
486 2122 522 2179 de
535 2142 592 2197 quo
605 2122 731 2191 homine,
746 2140 795 2179 vos
810 2121 864 2197 (id,
878 2122 954 2197 quod
970 2120 1094 2179 maxime
1114 2123 1185 2180 iacit
1213 2126 1218 2133 ⁴

203 2202 416 2281 auctoritatem)
431 2210 512 2258 tanta
524 2211 554 2258 et
563 2210 622 2258 tam
635 2200 775 2276 praeclara
785 2199 897 2276 judicia
911 2199 1041 2258 fecistist

150 2282 188 2335 25
240 2281 289 2337 An
303 2278 370 2338 verb
392 2281 480 2338 ullam
501 2298 620 2355 usquam
644 2299 708 2336 esse
730 2297 810 2336 oram
833 2288 892 2336 tam
915 2280 1056 2357 desertam
1068 2280 1185 2356 putatis,
1256 2308 1268 2321 ·

200 2356 257 2432 qud
271 2378 328 2416 non
345 2359 421 2416 illius
444 2359 501 2415 diei
525 2359 602 2416 sama
624 2358 789 2433 pervaserit,
804 2354 871 2414 crim
895 2359 1044 2416 universus
1065 2358 1185 2435 populus

200 2435 360 2506 Romanus,
375 2437 480 2493 referto
497 2436 565 2506 soro,
580 2437 751 2512 rapietisque
774 2437 906 2495 omnibns
930 2438 1051 2514 templis,
1066 2458 1102 2495 ex
1124 2438 1185 2513 qui·

200 2513 254 2569 bus
268 2514 316 2571 hic
329 2515 409 2572 locus
424 2515 550 2590 conspici
563 2525 665 2591 potest,
674 2509 764 2572 unuin
775 2515 829 2573 sibi
842 2515 877 2572 ad
892 2534 1043 2574 commune
1056 2517 1183 2574 omnium

200 2592 329 2667 gentium
356 2594 462 2650 bellum
490 2594 544 2650 Cn.
569 2594 737 2670 Pompeium
771 2595 970 2670 imperatorem
1001 2595 1182 2672 depoposcit?

149 2672 185 2727 30
200 2669 312 2745 Itaque,
326 2682 358 2730 ut
370 2672 452 2749 plura
466 2693 523 2730 non
537 2672 643 2744 dicam,
667 2692 760 2749 neque
785 2673 905 2731 aliorum
928 2675 1064 2750 exemplis
1083 2675 1184 2732 confir·

200 2748 447 2825 mem,quanti1m
476 2753 630 2809 auctoritas
656 2752 750 2809 valeat
771 2752 802 2810 in
826 2752 917 2823 bello;
939 2753 975 2809 ab
1002 2754 1103 2811 eodem
1126 2753 1181 2811 Cn.

199 2826 335 2904 Pompeio
347 2831 474 2888 omnium
489 2850 584 2888 rerum
597 2832 779 2908 egregiarum
800 2830 930 2906 exempla
949 2840 1113 2890 sumantur:
1133 2832 1182 2908 qui

198 2908 322 2987 quodie
343 2928 360 2966 a
383 2909 462 2967 vobis
484 2910 628 2968 maritimo
656 2910 732 2968 bello
759 2910 925 2986 praepositus
952 2921 995 2968 est
1022 2911 1181 2987 imperator,
1208 2910 1210 2913 ’

198 2995 279 3044 tanta
297 2987 413 3065 repente
434 2989 528 3046 vilitas
550 3008 681 3060 annona,
709 3009 745 3046 ex
764 2988 877 3045 summai
898 2988 993 3064 inopia
1013 2999 1042 3046 et
1062 2990 1182 3048 caritate
1217 2988 1226 3001 '

147 3063 182 3118 35
197 3065 241 3124 rei
255 3066 459 3139 frumentaria,
477 3078 633 3126 consecuta
653 3078 707 3138 est,
721 3068 807 3125 unius
830 3087 879 3143 spe
903 3078 932 3126 et
954 3068 1080 3138 nomine,
1094 3087 1182 3143 quan·

196 3156 256 3203 tam
270 3147 317 3205 uix
337 3167 374 3206 ex
395 3147 507 3205 summa
528 3148 659 3205 ubertate
684 3165 816 3224 agrorum
838 3146 974 3205 diutnma
992 3167 1048 3224 pax
1067 3147 1182 3205 efficere

216 3227 340 3286 tuisset.
1010 3238 1013 3243 ’

195 3244 313 3377 poJam,
335 3305 454 3382 acceptat
470 3306 508 3381 =in
531 3306 623 3364 Ponto
642 3303 816 3375 calamitate,
838 3323 873 3362 ex
893 3324 928 3362 eo
946 3304 1055 3382 praelio,
1070 3305 1107 3362 de
1125 3325 1182 3382 quo

196 3401 246 3440 vos
265 3383 350 3460 paulb
372 3382 438 3442 antd
461 3385 566 3442 invitus
596 3383 742 3454 admonui,
763 3380 831 3441 crim
858 3383 928 3440 socii
957 3384 1180 3461 pertimuissent,

146 3455 181 3509 40
196 3461 319 3518 hostium
345 3481 413 3537 opes
434 3463 579 3538 animique
599 3462 765 3533 crevissent,
789 3461 858 3518 satis
877 3462 991 3519 firmum
1016 3462 1180 3539 presidium
1209 3502 1218 3513 .
1276 3460 1281 3471 ’

194 3538 342 3613 provincia
354 3560 411 3597 non
426 3541 563 3611 haberet;
586 3541 752 3598 amisissetis
774 3540 886 3612 Asiam,
898 3539 1042 3614 Quirites,
1057 3541 1123 3612 nisi,
1145 3542 1180 3599 ad
1266 3608 1273 3617 A

195 3617 226 3674 id
238 3617 330 3692 ipsum
350 3619 494 3694 temporis,
509 3619 645 3677 divinitus
665 3620 721 3677 Cn.
734 3619 902 3696 Pompeium
924 3621 960 3677 ad
980 3640 1031 3678 aas
1050 3621 1181 3696 regiones

195 3696 308 3754 fortuna
320 3698 416 3774 populi
430 3697 557 3756 Romani
578 3698 727 3756 attulisset.
769 3699 865 3775 Hujus
885 3699 1024 3757 adventus
1043 3709 1073 3757 et
1093 3698 1181 3756 Mith-

195 3774 315 3832 ridatem
330 3775 444 3836 insolita
455 3776 663 3834 inflammatum
674 3778 794 3836 victoria
805 3777 956 3845 continuit,
966 3788 995 3835 et
1009 3777 1179 3852 Tigranem,
