2692 4484
407 306 544 358 ORATIO
566 306 604 356 IN
626 306 664 355 m
688 302 894 355 moratum.
1137 300 1194 360 151

151 454 242 513 etiam
262 453 447 530 spectionem.
488 451 571 523 Esto,
599 450 655 508 hoc
683 431 834 525 imperitai:
864 466 922 505 nec
943 445 1023 504 enim
1043 455 1087 504 est
1107 446 1144 504 ab

153 534 270 593 homine
289 550 435 608 nunquam
460 531 556 589 sobrio
578 528 753 605 postulanda
771 526 945 608 prudentia:
974 524 1027 584 sed
1051 523 1146 582 videte

154 612 368 689 impudentiam.
424 610 528 669 Multis
556 606 624 666 autc
650 606 800 665 mensibus
828 606 858 664 in
879 615 983 664 senatu
1004 604 1088 676 dixit,
1115 622 1148 661 se

154 691 310 750 Dolabellae
332 691 450 750 comitia
471 700 521 748 aut
539 687 752 765 prohibiturum
772 686 919 761 auspiciis,
934 695 983 744 aut
1005 684 1034 743 id
1056 684 1148 742 factu·

142 791 216 829 *rum
240 790 315 843 esse,
335 771 412 847 quod
441 769 519 827 fecit.
572 767 777 842 Quisquamne
804 766 933 823 divinare
953 774 1056 842 potest,
1076 762 1147 840 quid
1179 764 1198 842 5

154 851 214 908 vitii
233 851 265 909 in
286 849 425 926 auspiciis
438 849 566 906 futurum
580 846 628 917 sit,
641 845 698 903 nisi
712 844 762 921 qai
776 845 812 901 de
826 846 900 902 coelo
914 863 1026 901 servare
1040 843 1147 902 consti·

152 931 229 988 tuitl
250 930 327 1006 qnod
348 928 526 1005 nequelioet
546 924 671 984 comitiis
690 929 741 1000 pe'r
760 924 856 1000 leges3
878 934 917 995 et,
931 923 956 980 si
969 923 1032 998 quis
1052 941 1149 981 serva·

154 1010 204 1081 vit,
231 1029 291 1067 non
321 1007 428 1078 habitis
449 1006 584 1076 comitiiS,
611 1004 662 1061 sed
682 1003 848 1079 priusquam
868 1003 1040 1073 habeantur,
1060 1002 1148 1060 debet

154 1088 299 1147 nuntiare.
353 1083 466 1144 Verinn
487 1084 635 1160 implicata
653 1082 770 1140 inscitia
795 1082 975 1159 impudentia
996 1091 1058 1150 θεὶς
1091 1100 1148 1139 nec

155 1168 212 1224 scit
228 1165 305 1241 qnod
320 1182 470 1240 augurem,
484 1182 541 1221 nec
554 1162 625 1221 sacit
637 1162 714 1238 quod
735 1162 901 1238 pudentem,
915 1161 1010 1218 decet.
1049 1160 1148 1236 Atque
1164 1156 1198 1210 10

156 1264 194 1302 ex
208 1244 257 1301 illo
270 1244 318 1300 die
338 1242 531 1301 recordamini
550 1241 624 1318 ejus,
638 1260 728 1318 usque
749 1240 786 1298 ad
806 1240 880 1299 Idus
900 1239 1032 1312 Martias,
1047 1259 1149 1299 consu·
1226 1251 1228 1256 ’

157 1324 257 1381 latum.
298 1321 376 1384 Quis
389 1341 515 1397 unquam
535 1322 677 1398 apparitor
696 1331 757 1378 tarn
778 1321 904 1393 humilis,
918 1330 978 1378 tam
999 1319 1148 1396 abjectasl
1220 1359 1223 1367 ·

158 1401 241 1460 Nihil
255 1401 317 1478 ipse
336 1411 463 1478 poterat:
483 1402 581 1459 omnia
600 1401 738 1478 rogabat:
759 1410 848 1476 caput
867 1399 897 1457 in
919 1419 1047 1458 aversam
1068 1399 1149 1457 lecti·

158 1499 224 1540 cam
238 1481 379 1553 inserens,
394 1480 546 1552 beneficia,
559 1500 623 1556 quae
637 1480 786 1550 venderet,
802 1498 819 1537 a
833 1479 945 1556 collegi
958 1479 1082 1555 petebat.

170 1559 348 1618 XXXIII.
390 1559 472 1618 Ecce
490 1560 649 1619 Dolabellae
666 1559 849 1618 comitiorum
864 1558 935 1629 dies,
950 1558 1060 1617 sortitio
1078 1577 1150 1635 prae·
1165 1558 1199 1612 15
1302 1631 1312 1642 υ

156 1640 309 1716 rogativae:
330 1640 465 1715 quiescit
507 1640 725 1698 Renuntiatur:
746 1647 834 1696 tacet.
876 1636 975 1696 Prima
989 1637 1091 1695 classis
1105 1655 1151 1693 vo·

157 1729 256 1776 catur:
277 1719 476 1778 renuntiatur:
503 1719 611 1778 deinde
633 1718 680 1798 (ut
702 1717 820 1795 assolet)
843 1716 997 1795 suffragia:
1027 1726 1088 1773 tum
1108 1734 1151 1773 se·
1211 1755 1221 1762 ,

122 1859 125 1863 ,
157 1799 254 1856 cunda
280 1798 397 1857 classis:
429 1818 493 1875 quae
518 1800 617 1857 omnia
644 1795 732 1857 citius
759 1806 827 1855 sunt
854 1797 940 1868 sacta,
966 1793 1053 1872 quiin
1080 1793 1148 1853 dixi.

157 1876 300 1937 Confecto
319 1879 446 1956 negotio,
469 1880 562 1936 bonus
587 1897 679 1955 augur
704 1874 842 1954 (Laelium
856 1876 983 1954 diceres)
997 1894 1069 1935 arno
1095 1893 1149 1932 mn

157 1956 258 2032 inquit.
299 1957 328 2015 Ο
350 1958 560 2034 impudentiam
582 1957 774 2034 singularem!
816 1954 899 2017 Quid
923 1955 1055 2013 viderasl
1082 1953 1151 2029 quid
1164 1948 1201 2003 2⁰

158 2038 308 2104 senseras?
342 2038 411 2112 qnid
439 2036 589 2094 audierant
616 2055 673 2093 nec
697 2036 775 2093 enim
802 2044 831 2092 te
858 2035 895 2091 de
923 2034 997 2093 coelo
1023 2033 1151 2091 serviisse

159 2114 266 2186 dixisti,
287 2134 382 2194 neque
403 2116 490 2173 hodie
511 2115 593 2173 dicis.
635 2114 670 2172 ld
692 2114 779 2192 igitur
799 2113 917 2172 obvenit
944 2113 1055 2184 vitium,
1076 2112 1152 2189 quod

160 2203 191 2250 tu
203 2194 263 2268 jani
277 2193 417 2250 Calendis
431 2194 579 2251 Ianuariis
599 2193 727 2251 futurum
747 2213 810 2251 esse
830 2194 1007 2270 provideras,
1020 2202 1051 2249 et
1070 2188 1151 2250 tanti)

161 2269 229 2328 antri
256 2273 439 2347 praedixeras.
493 2272 572 2349 Ergo
604 2272 750 2353 (hercule)
779 2272 896 2350 magnii,
923 2283 956 2331 nt
982 2291 1074 2349 spero,
1102 2270 1152 2330 tuti

159 2350 256 2426 potiris
276 2349 362 2428 qnam
383 2352 550 2428 reipublicae
577 2352 752 2425 calamitate,
773 2353 929 2411 ementitus
949 2372 981 2410 es
1005 2351 1153 2428 auspicia:
1166 2352 1202 2407 25

160 2430 338 2488 obstrinxisti
363 2431 500 2507 populum
534 2431 702 2489 Romanum
728 2432 885 2509 religione3
920 2450 1012 2509 augur
1040 2431 1152 2508 auguri,

95 2511 97 2518 ’
160 2509 262 2575 consul
276 2510 399 2581 consuli,
413 2510 600 2576 obnunu'aisti.
640 2510 719 2569 Nolo
738 2513 830 2589 plura,
844 2531 883 2569 ne
904 2523 971 2569 acta
990 2510 1152 2569 Dolabella

159 2588 259 2646 videar
279 2589 440 2647 convellere
451 2610 459 2660 ;
480 2610 544 2666 quae
564 2609 686 2648 necesse
706 2602 751 2649 est
777 2591 930 2667 aliquando
944 2591 994 2649 'ad
1021 2599 1152 2648 nostrum

160 2666 315 2744 collegium
329 2668 504 2727 deferantur.
815 2718 817 2722 .
920 2667 922 2672 ’

200 2747 259 2804 Sed
299 2748 492 2825 arrogantiam
527 2748 653 2807 hominis
694 2748 932 2826 insolentiamque
972 2748 1150 2826 cognoscite.
1165 2745 1203 2801 30

158 2824 310 2887 Quamdiu
331 2838 363 2885 tu
382 2828 470 2900 voles,
493 2828 612 2887 vitiosus
633 2829 738 2887 consul
760 2829 930 2900 Dolabella3
960 2848 1066 2901 rursus,
1081 2826 1152 2887 oiim

160 2904 247 2976 voles,
266 2907 352 2964 salvis
373 2907 511 2984 auspiciis
531 2918 655 2966 creatus.
698 2909 731 2966 Si
751 2908 824 2966 nihil
845 2918 899 2979 est,
913 2906 983 2966 crim
1004 2927 1095 2986 augur
1117 2908 1153 2966 iis

160 2984 255 3041 verbis
274 2986 399 3056 nuntiat,
413 2986 518 3061 quibus
541 2996 573 3047 tu
596 2987 755 3058 nuntiasti3
777 2986 915 3046 confitere
935 2998 975 3059 te,
990 2986 1058 3045 cirrn
1081 3005 1153 3044 aare

161 3080 216 3118 nra
237 3062 355 3135 dixeris,
369 3065 496 3122 sobrium
516 3085 576 3124 non
600 3067 706 3125 inisse:
728 3067 773 3123 sin
794 3076 839 3124 est
860 3066 1016 3141 aliquavis
1036 3067 1067 3124 in
1092 3066 1155 3124 istis

162 3140 267 3211 verbis,
281 3160 318 3199 ea
330 3161 393 3217 quae
408 3143 454 3214 sit,
470 3163 561 3221 augur
576 3165 593 3203 a
606 3144 719 3221 collegit
732 3145 855 3221 requiro.
1167 3150 1203 3205 35

203 3219 273 3290 Sed,
288 3239 326 3277 ne
347 3220 430 3293 forte,
451 3242 489 3280 ex
515 3224 612 3281 multis
638 3225 725 3281 rebus
751 3225 840 3301 gestis
862 3222 905 3282 M.
933 3224 1066 3294 Antonii,
1094 3242 1154 3282 rem

162 3317 251 3356 unam
261 3300 485 3376 pulcherrimam
496 3304 637 3362 tremiliat
646 3303 748 3375 oratio,
760 3304 796 3360 ad
811 3303 986 3379 Lupercalia
995 3304 1152 3361 veniamus.

201 3378 350 3437 XXXIV.
382 3379 451 3438 Non
463 3381 634 3453 dissimulat,
646 3382 747 3440 Patres
757 3383 940 3460 conscripti:
963 3394 1079 3459 apparet
1089 3401 1153 3440 esse

59 3534 65 3544 Δ
162 3468 358 3516 commotum:
382 3461 478 3532 sudat,
498 3462 603 3539 pallet:
625 3461 776 3538 quidlibet,
797 3461 883 3521 modo
903 3483 950 3521 ne·
962 3471 1091 3534 nauseet,
1113 3462 1153 3520 sa-

162 3536 232 3608 ciat,
246 3539 322 3613 qnod
336 3538 367 3596 in
380 3540 493 3615 portien
515 3540 650 3598 Minucii
671 3542 749 3600 fecit.
789 3542 868 3605 Qus
880 3552 1051 3619 potestesse
1065 3542 1203 3619 turpi-to

162 3616 271 3706 tudinis
280 3625 368 3676 tantae
382 3618 532 3678 delensiol
573 3620 669 3698 Cupio
684 3622 800 3692 andire;
821 3632 854 3681 ut
863 3623 987 3695 videam,
996 3624 1047 3682 nbi
1060 3624 1155 3680 rheto-

163 3713 203 3753 rrs
216 3704 296 3754 tanta
308 3716 431 3770 merces,
446 3700 496 3758 ubi
510 3719 632 3777 campus
652 3700 823 3774 Leontinus,
839 3712 984 3779 appareat.
1027 3702 1155 3759 Sedebat
1202 3756 1206 3765 ,

163 3774 195 3833 in
222 3773 337 3833 Rostris
364 3778 476 3857 collega
498 3789 577 3851 tuns,
599 3780 723 3838 amictus
744 3781 818 3858 toga
843 3780 999 3858 purpurea,
1027 3779 1058 3834 in
1084 3774 1155 3832 scili
1232 3830 1233 3833 ,

164 3853 263 3926 aurei,
277 3866 438 3916 coronatus.
481 3858 664 3929 Adscendis;
687 3860 804 3918 accedis
818 3860 854 3915 ad
875 3858 994 3924 sellaru3
1017 3852 1072 3926 (ita
1091 3869 1156 3908 erat
