2692 4484
146 318 204 378 ιω
447 311 583 363 casalo
604 309 642 361 IN
662 310 702 360 Μ.
718 309 921 360 ΑΝΤΟΝΙΠΜ.

193 457 330 516 involuto.
370 454 494 527 Janitor,
513 453 593 517 Quis
616 455 671 512 tul
713 454 742 511 A
766 451 871 512 Marco
893 453 1070 514 tabellarius.
1115 454 1200 513 Con-

194 536 289 595 festim
304 535 429 605 adeam,
443 532 528 611 cnjus
548 533 639 591 causb
652 543 781 603 venerat,
795 532 966 603 deducitur;
986 533 1073 609 eique
1087 535 1200 610 episto·

193 615 253 674 iarn
272 614 366 675 tradit
406 613 508 676 Quam
529 610 598 671 cdrn
619 612 669 670 illa
690 611 799 689 legeret
818 610 902 683 flens,
918 611 994 691 (erat
1013 612 1095 670 enirn
1117 632 1199 672 arna·

193 691 265 753 torid
289 693 416 768 scripta:
444 701 532 768 caput
560 701 658 750 antem
678 691 836 762 literarum,
857 691 913 750 eibi
934 710 1002 750 cum
1023 692 1074 749 itta
1102 693 1197 750 rnimd

160 772 313 850 apochae
331 771 404 829 nihil
425 770 573 829 futurum:
593 789 710 829 omnem
731 790 762 829 se
785 789 912 830 amorem
934 770 1076 847 abjecisse
1100 770 1196 845 illinc,

193 861 279 927 atque
299 850 330 909 in
350 850 428 909 hanc
448 850 651 929 transfudisse)
664 847 736 908 crim
749 850 854 908 mulier
867 849 949 908 fleret
961 848 1093 921 uberibs,
1103 851 1197 909 bomo

193 930 357 989 misericors
371 928 446 987 serre
460 948 518 988 non
538 929 649 1006 potnit:
670 939 760 1005 caput
780 929 909 1005 aperuit3
931 930 961 987 in
983 929 1091 988 collum
1114 928 1196 987 inia-

193 1008 239 1067 sit„
280 1008 310 1066 0
325 1008 472 1066 hominem
486 1009 628 1085 nequam!
652 1007 735 1086 (quid
748 1008 829 1066 eninr
852 1009 930 1066 aliud
954 1009 1076 1066 dicaml
1098 1009 1195 1086 magis

192 1086 307 1164 proprisi
328 1087 401 1146 nihil
421 1106 538 1165 possum
562 1088 685 1167 dicere.)
727 1086 816 1165 Ergo,
831 1097 864 1145 ut
883 1097 912 1146 te
933 1087 1116 1158 catamitum,
1136 1107 1194 1147 nec

146 1168 179 1223 10
192 1164 312 1302 opinatis
339 1164 408 1225 cbm
434 1166 620 1238 ostendisses,
639 1176 742 1243 praeter
768 1185 850 1242 spem
877 1167 980 1225 mulier
1015 1167 1193 1243 adspiceret,

193 1244 204 1302 i
224 1245 304 1305 circo
324 1245 433 1304 Urbem
456 1255 564 1304 terrore
584 1256 737 1316 nocturno,
760 1243 875 1303 ltaliam
900 1247 1055 1305 multorum
1075 1245 1192 1304 dierum

193 1334 284 1395 metu,
297 1324 488 1400 perturbdstil
531 1324 570 1384 Et
589 1324 667 1383 dorni
687 1323 804 1400 quidem
826 1343 951 1382 cauum*
965 1325 1070 1383 amoris
1087 1323 1193 1402 [habu-

195 1402 272 1539 ιεῑίἰ]
308 1401 377 1462 soris
403 1403 491 1461 etiam
518 1404 684 1481 turpiorem,
711 1422 749 1461 ne
775 1402 810 1461 L.
838 1404 966 1463 Plancus
991 1405 1105 1480 praedes
1126 1414 1192 1463 tuos

193 1501 248 1540 ren
269 1492 339 1541 eret.
380 1481 543 1541 Productus
558 1493 653 1541 autem
668 1483 699 1540 in
722 1482 927 1541 concionema
947 1483 1064 1542 tribuno
1084 1483 1192 1559 plebis,

145 1559 180 1613 lt
194 1556 264 1619 cbm
277 1562 484 1637 respondisses,
497 1572 527 1620 te
541 1562 584 1620 rei
604 1571 662 1620 tute
687 1561 777 1621 causd
801 1561 926 1635 venisse,
940 1561 1079 1639 populum
1101 1562 1192 1620 etiam

193 1639 328 1699 dicacem
342 1640 372 1698 in
386 1650 416 1699 te
433 1641 594 1699 reddidisti.

233 1718 368 1778 XXXII.
410 1720 470 1778 Sed
482 1720 569 1778 nimis
581 1720 671 1778 multa
684 1721 721 1778 de
734 1720 838 1798 nugis:
859 1720 896 1778 ad
907 1719 1017 1796 majora
1026 1720 1191 1778 veniamus.

194 1797 303 1855 Caesari
324 1816 362 1856 ex
380 1798 525 1874 Hispaniis
543 1800 678 1857 redeunti
695 1799 809 1858 obridm
829 1797 998 1877 longissimd
1013 1799 1191 1875 processisti.

193 1875 335 1935 Celeriter
359 1875 418 1948 isti,
445 1876 556 1949 redisti,
580 1888 612 1936 ut
634 1890 825 1956 cognosceret
847 1889 887 1950 te,
908 1879 933 1936 si
957 1876 1055 1937 minias
1076 1878 1192 1952 sortem,

143 1959 181 2014 at)
195 1965 323 2014 attamen
342 1965 502 2014 strenuum.
544 1955 655 2015 Factus
675 1977 708 2015 es
729 1958 757 2016 ei
782 1978 891 2029 rursus,
913 1958 1015 2016 nescio
1034 1959 1191 2033 quomodo,

194 2034 352 2114 familiaris.
394 2035 531 2094 Habebat
544 2037 600 2095 boc
616 2037 738 2096 omnino
752 2037 868 2096 Caesar:
889 2055 974 2112 quem
989 2035 1075 2113 plane
1095 2038 1193 2113 perdi-

194 2125 257 2173 tum
279 2135 334 2174 rere
355 2115 460 2187 alieno,
480 2125 682 2211 egentemque,
702 2116 728 2174 si
747 2118 874 2175 eundem
894 2135 1020 2192 nequam
1043 2116 1191 2174 bominem
1300 2151 1306 2176 r

195 2194 394 2271 audacemque
418 2205 569 2273 cognorat,
591 2196 670 2254 hunc
694 2195 725 2253 in
749 2195 972 2254 familiaritatem
997 2193 1191 2253 libentissime
1270 2242 1273 2247 .
1333 2193 1334 2208 ¹

196 2273 362 2350 recipiebat
405 2274 462 2333 His
475 2275 563 2352 igitur
582 2274 669 2333 rebus
682 2274 821 2351 praeclarb
842 2275 1071 2345 commendatus,
1093 2273 1193 2351 jussus

143 2350 179 2405 25
196 2370 229 2409 es
241 2353 401 2412 renuntiari
418 2354 530 2425 consul,
543 2365 573 2411 et
593 2354 711 2431 quidem
732 2373 800 2413 curn
822 2355 892 2430 ipso.
934 2352 1017 2411 Nihil
1031 2372 1135 2430 queror
1153 2355 1193 2411 de

201 2429 359 2503 Dolabelld,
373 2433 422 2507 qui
443 2445 505 2491 tum
525 2443 570 2491 est
593 2432 744 2509 impulsus,
758 2433 905 2505 inductus,
918 2433 1025 2490 elusus.
1065 2432 1139 2496 Qut
1160 2433 1193 2490 in

199 2527 231 2565 re
244 2519 352 2583 quanta
373 2509 459 2567 fuerit
479 2511 627 2587 utriusque
648 2512 775 2570 vestrim
796 2512 918 2590 perfidia
941 2512 972 2569 in
998 2511 1192 2584 Dolabellam,

196 2584 261 2661 quis
275 2586 409 2662 ignorati
450 2588 504 2647 Ille
518 2590 642 2662 induxit,
657 2601 690 2649 ut
702 2602 829 2669 peteret:
850 2591 1022 2668 promissum
1042 2600 1072 2648 et
1092 2610 1193 2667 recep-

197 2673 259 2721 tum
273 2663 442 2737 intervertit,
457 2668 493 2725 ad
507 2688 595 2745 seque
608 2671 771 2734 transtulit:
792 2684 824 2730 tu
837 2671 901 2747 ejus
920 2670 1048 2747 perfidiae
1061 2670 1194 2728 volunta·

143 2740 179 2797 w
197 2754 255 2801 tem
276 2752 355 2833 tuam
377 2745 564 2822 adscripsisti.
605 2749 736 2807 Veniunt
757 2750 895 2808 calendae
916 2748 1082 2810 Januariae:
1110 2749 1193 2826 cogi-

196 2840 261 2879 mur
281 2841 311 2899 ιιι
332 2834 482 2883 senatum:
504 2826 636 2886 invectus
655 2838 700 2886 est
721 2827 866 2905 copiosiiss
886 2827 976 2888 multd
998 2829 1028 2886 in
1051 2829 1139 2886 istum
1162 2838 1192 2886 et

196 2899 324 2976 parariis
337 2902 499 2973 Dolabella,
514 2904 601 2980 quim
623 2926 704 2966 nunc
716 2927 779 2985 ego.
822 2908 882 2966 Hic
904 2919 1001 2967 autem
1023 2907 1113 2965 iratus
1126 2926 1191 2983 quar

196 2979 279 3052 dixit,
294 2980 344 3039 Dii
359 2982 445 3041 bonit

236 3058 376 3133 Primitm,
391 3059 459 3121 cium
473 3063 572 3121 Caesar
585 3064 768 3137 ostendisset,
783 3084 824 3138 se,
838 3065 1005 3142 priusquam
1026 3065 1192 3141 proficisce-

142 3136 179 3192 35
196 3149 285 3213 retur,
309 3140 491 3201 Dolabellam
513 3143 662 3204 consulem
689 3163 753 3202 esse
771 3143 937 3221 jussurum3
961 3141 1061 3221 (quern
1082 3154 1192 3221 negant

196 3238 305 3298 regem,
333 3221 431 3298 quiet
452 3222 560 3281 laceret
587 3243 700 3299 semper
720 3223 861 3300 ejusmodi
882 3222 1000 3298 aliquid,
1014 3234 1044 3282 et
1064 3223 1189 3301 diceret)

196 3300 248 3355 sed
268 3298 337 3357 ciam
358 3300 457 3359 Ceasar
478 3300 518 3360 ita
538 3301 674 3373 dixisset3
708 3313 770 3361 tum
788 3302 838 3360 hic
858 3302 951 3359 bonam
976 3321 1078 3379 augur,
1099 3322 1134 3360 eo
1159 3320 1190 3360 se

196 3378 358 3462 sacerdotio
370 3381 521 3454 preditum
542 3401 606 3440 esse
626 3382 709 3453 dixit,
724 3392 756 3440 ut
776 3381 893 3440 comitia
913 3381 1051 3458 auspiciis
1071 3381 1116 3438 rel
1138 3380 1191 3437 im·

196 3452 295 3525 pedrre
309 3455 353 3511 vel
367 3457 468 3515 vitiare
481 3470 598 3533 posset:
621 3461 707 3536 idque
720 3480 752 3518 se
773 3461 916 3519 iacturum
929 3478 995 3518 esse
1008 3458 1190 3518 asseveravit.

143 3527 179 3581 40
197 3527 233 3618 Irr
260 3549 317 3604 quo
339 3532 465 3606 primirm
486 3536 687 3595 incredibilem
708 3539 903 3616 stupiditatem
924 3539 1050 3598 hominis
1069 3556 1192 3615 cognos-

196 3617 263 3666 crte.
304 3608 388 3698 Quid
414 3613 517 3670 enimi
552 3614 638 3686 istuc,
665 3617 741 3691 quod
766 3628 795 3676 te
827 3618 981 3677 sacerdotii
1008 3618 1073 3694 jure
1094 3616 1191 3674 facere

195 3704 279 3763 posse
298 3687 406 3777 dixisti,
420 3689 445 3747 si
466 3708 557 3766 augur
570 3711 629 3751 non
643 3713 732 3768 esses,
746 3709 776 3755 et
799 3698 901 3756 consul
925 3716 1014 3769 esses,
1029 3692 1126 3754 minius
1150 3694 1191 3752 fa·

196 3769 441 3843 cerepoturssesi
481 3767 568 3843 Vide,
583 3791 621 3830 nc
634 3774 723 3833 etiam
738 3775 872 3836 saciliirs:
907 3795 960 3835 nos
974 3775 1053 3834 enim
1077 3773 1192 3832 nuntia·

196 3846 303 3906 tionem
331 3843 423 3907 solima
451 3849 608 3923 habemus3
643 3855 778 3915 consules
808 3866 839 3913 et
872 3855 974 3932 reliqui
1007 3853 1192 3932 magistratus
