2692 4484
412 331 550 383 ORATIO
571 329 610 379 ln
631 329 670 379 Μ.
687 326 891 378 Annamatia.
1141 335 1201 397 147

159 475 298 535 luxuriosi
320 475 453 546 hominis,
475 474 526 532 sed
551 482 648 530 tamen
675 470 858 530 abundantis.
899 470 1027 546 Horum,
1047 474 1150 550 paucis

162 556 273 627 diebus,
286 554 356 612 nihil
371 565 441 612 erat.

199 634 276 697 Quas
297 633 459 709 Charybdis
479 643 538 689 tam
557 630 666 687 voraxl
717 627 884 704 Charybdin
904 627 995 689 dicol
1028 649 1103 707 quaa,
1124 630 1151 689 ai

161 712 223 785 fuit,
238 713 291 770 suit
304 713 410 771 animal
431 728 542 769 unum:
564 709 705 767 Oceanus
719 706 957 788 (mediusfidius)
972 708 1021 767 vix
1033 709 1149 767 ridetur

160 802 201 849 tot
220 810 277 863 res,
290 802 350 849 tarn
364 791 529 867 dissipatas,
543 798 603 845 tarn
620 785 794 843 distantibus
814 786 844 842 in
864 785 937 844 locis
955 788 1073 864 positas,
1088 798 1148 846 tam
1183 793 1203 847 ⁵

160 869 219 928 citri
241 868 550 945 absorbere-potuisse.
591 865 674 922 Nihil
687 864 898 936 eratclausnm,
920 866 991 923 nihil
1015 867 1149 944 obsigna·

159 959 231 1020 tum,
245 949 318 1006 nihd
339 948 486 1024 scriptum.
528 945 688 1020 Apothecae
709 953 775 1000 totas
789 942 970 1018 nequissimis
984 945 1149 1003 hominibus

160 1028 418 1085 condonabantur:
454 1024 511 1082 alia
536 1023 616 1079 mimi
636 1021 796 1098 rapiebant,
818 1021 874 1078 alia
900 1022 1012 1080 mimae:
1046 1023 1149 1080 domus

160 1117 224 1163 erat
245 1105 418 1162 aleatoribus
437 1102 551 1171 referta,
571 1100 658 1176 plena
677 1101 838 1158 ebriorum:
859 1108 933 1157 totos
953 1100 1015 1158 dies
1034 1102 1150 1176 potaba-

162 1193 220 1255 tur,
236 1193 320 1257 atque
334 1181 364 1238 id
378 1180 450 1238 locis
469 1179 617 1256 pluribus:
638 1178 867 1255 suggerebantur
886 1179 974 1236 etiam
988 1198 1063 1255 saepe
1077 1178 1149 1258 (non
1167 1182 1203 1236 10

164 1263 244 1318 enirn
264 1279 376 1335 semper
396 1260 456 1334 ipse
477 1258 558 1337 felix)
580 1258 688 1314 damna
708 1255 861 1314 alectoria:
882 1257 1072 1333 conchyliatis
1093 1259 1148 1316 On.

165 1337 295 1416 Pompeii
315 1337 529 1415 peristromatis,
543 1355 688 1393 servorum
702 1336 732 1392 in
747 1335 839 1407 cellis,
852 1334 941 1394 lectos
959 1346 1062 1394 stratos
1074 1336 1151 1395 vide·

164 1437 219 1475 res.
259 1417 458 1480 Quamobrem
478 1414 601 1473 desinite
627 1414 735 1485 mirari,
754 1416 819 1470 haec
845 1423 903 1471 tam
929 1415 1062 1473 celeriter
1087 1435 1151 1473 esse

165 1506 342 1572 consumpta.
384 1494 452 1552 Non
479 1492 564 1552 modo
591 1493 678 1551 unius
703 1491 918 1570 patrimonium,
938 1494 1066 1569 quamvis
1094 1513 1151 1552 am·

163 1576 243 1650 plum
258 1574 387 1649 (utillud
402 1574 481 1652 suit),
495 1573 546 1630 sed
569 1573 663 1643 urbes,
678 1581 708 1630 et
729 1589 831 1649 regna,
846 1571 977 1629 celeriter
988 1582 1078 1658 ganta
1101 1592 1151 1630 ne·
1169 1576 1203 1629 15
1278 1627 1284 1640 ,

163 1653 253 1729 quitia
266 1653 403 1710 devorare
416 1652 563 1729 potuisset.

202 1732 244 1789 At
257 1732 386 1808 ejusdem
410 1732 487 1789 aedes
508 1731 607 1803 etiarn,
628 1739 668 1787 et·
679 1730 784 1788 hortos.
835 1728 866 1786 Ο
888 1728 1041 1786 audaciam
1055 1728 1153 1786 imma-

163 1811 246 1868 nem!
274 1821 306 1868 tu
320 1810 434 1888 ingredi
454 1809 533 1868 illam
555 1809 673 1866 domurn
695 1827 782 1866 ausus
795 1808 849 1866 esi
877 1819 908 1866 tu
922 1807 994 1865 illud
1006 1807 1151 1866 sanctissi-

163 1908 242 1947 mum
265 1889 354 1948 limen
376 1889 503 1947 intraret
536 1896 569 1945 tu
592 1887 707 1945 illarum
733 1886 839 1959 aedium
863 1886 928 1944 Diis
949 1886 1103 1962 penatibus
1120 1905 1152 1944 os

163 1968 437 2045 importunissimum
450 1966 626 2026 ostenderet
665 1966 765 2028 Quam
786 1965 904 2023 domum
925 1965 1091 2040 aliquandiu
1105 1983 1154 2022 ne·
1168 1963 1217 2019 ω’

139 2095 142 2102 .
164 2066 211 2104 mo
225 2048 374 2122 adspicere
392 2055 515 2122 poterat,
537 2064 623 2102 nemo
644 2045 708 2102 sine
728 2044 865 2121 lacrymis
885 2044 1041 2120 praeterire,
1056 2044 1112 2101 hac
1125 2053 1153 2102 te

165 2124 195 2182 in
209 2124 295 2184 domo
308 2126 420 2182 tamdiu
439 2123 577 2182 diversari
598 2142 656 2181 non
669 2122 778 2199 pudeti
806 2124 836 2182 in
858 2123 926 2199 quai,
940 2122 1069 2200 quamvis
1082 2123 1153 2181 nlhil

165 2204 270 2278 sapias,
285 2213 384 2260 tamen
397 2203 470 2260 nihil
483 2203 535 2260 tibi
549 2210 718 2279 potestesse
729 2200 900 2278 jucundum.

205 2281 356 2339 XXVIII.
398 2282 447 2339 An
461 2292 502 2348 tu,
517 2281 566 2339 illa
579 2281 609 2338 in
631 2281 772 2340 vestibulo
784 2291 885 2352 rostra,
899 2281 1000 2358 spolia,
1016 2279 1084 2339 crim
1106 2281 1154 2339 ad·

166 2360 296 2435 spexisti,
310 2360 427 2417 domum
446 2370 527 2418 tuam
540 2371 569 2418 te
590 2359 707 2419 introire
726 2360 849 2436 putasl'
873 2359 952 2419 Fieri
973 2380 1032 2418 non
1052 2369 1153 2437 potest.
1170 2370 1206 2425 25

164 2437 309 2500 Quamvis
321 2439 400 2496 enim
413 2439 475 2497 sine
493 2449 601 2510 mente,
615 2439 678 2496 sine
699 2458 787 2497 sensu
810 2439 859 2512 sis,
873 2449 905 2497 at
926 2459 974 2511 es;
1006 2450 1103 2497 tamen
1124 2450 1154 2497 et

165 2526 205 2588 te,
219 2528 249 2575 et
262 2526 322 2589 tua,
337 2527 367 2575 et
379 2528 452 2590 tuos,
467 2516 552 2576 ndsti.
593 2516 660 2575 Nec
682 2517 749 2575 verb
770 2528 799 2576 te
819 2538 955 2594 unquam,
969 2538 1064 2595 neque
1083 2518 1154 2595 vigi·
1216 2550 1222 2563 ·

164 2595 279 2653 lentem.
288 2616 382 2672 neque
396 2597 426 2654 in
439 2597 557 2668 somnis,
577 2596 665 2654 credo
680 2606 777 2654 mente
790 2617 872 2674 posse
887 2598 1051 2656 consistere.
1092 2596 1153 2655 Ne·

164 2692 246 2733 cesse
259 2685 313 2746 est,
327 2676 456 2750 quamvis
476 2676 525 2746 sis,
539 2686 571 2733 ut
591 2695 632 2746 es,
649 2673 819 2757 [violentus]
834 2687 863 2734 et
886 2678 993 2749 suren's,
1007 2674 1076 2735 cdm
1099 2676 1153 2735 tibi

163 2753 279 2829 objecta
298 2754 336 2811 sit
353 2755 465 2830 species
486 2754 640 2831 singularis
660 2754 724 2825 viri,
745 2756 925 2831 perterritum
945 2767 974 2814 te
994 2757 1031 2813 de
1051 2774 1152 2814 somno
1168 2765 1205 2821 30

163 2833 294 2904 excitari,
310 2833 403 2890 furere
424 2833 511 2890 etiam
531 2853 607 2910 saepe
624 2833 801 2909 vigilantem.
842 2833 893 2891 Me
906 2835 1023 2911 quidem
1036 2834 1153 2893 miseret

162 2911 306 2987 parietum
320 2912 445 2986 ipsorum
461 2923 545 2988 atque
559 2923 710 2970 tectorum.
751 2912 834 2974 Quid
856 2913 933 2970 enim
957 2933 1084 2990 unquam
1104 2914 1154 2971 do·

164 3009 229 3047 mus
247 2990 297 3047 illa
320 2991 438 3061 viderat,
453 2991 509 3048 nisi
522 2992 671 3065 pudicum,
686 2991 742 3048 nisi
756 3011 792 3049 ex
805 2991 913 3067 optimo
927 3011 1015 3064 more,
1029 3002 1058 3051 et
1071 3011 1155 3050 sanc·

164 3068 276 3125 tissimi
300 3067 474 3144 disciplinis?
515 3069 585 3127 Fuit
605 3071 683 3126 enirn
708 3070 755 3128 ille
777 3071 830 3142 vir,
853 3070 953 3127 Patres
979 3070 1154 3147 conscripti,

166 3144 257 3224 (sicut
270 3146 365 3225 scitis)
380 3144 448 3204 crim
463 3146 530 3205 foris
544 3149 649 3219 clarus,
663 3159 724 3205 tum
738 3148 816 3206 domi
838 3149 1040 3219 admirandum
1061 3167 1154 3224 neque
1170 3154 1207 3210 35

165 3226 253 3282 rebus
272 3225 399 3286 externis
419 3225 512 3302 magis
531 3227 703 3297 laudandus,
717 3225 804 3301 quarn
824 3227 962 3285 institutis
982 3227 1154 3285 domesticis.

166 3302 263 3379 Hujus
284 3303 314 3360 in
335 3304 461 3374 sedibus,
482 3324 534 3380 pro
554 3305 697 3363 cubiculis
717 3306 839 3377 stabula,
853 3325 905 3383 pro
925 3306 1058 3364 trIcliniis
1076 3306 1154 3382 popi-

164 3401 219 3453 nae,
239 3392 315 3439 sunt.
356 3382 420 3439 Etsi
437 3383 498 3458 jam
520 3393 614 3460 negat.
655 3382 764 3456 Nolite,
786 3385 874 3442 nolite
886 3404 1021 3460 querere.
1063 3384 1153 3463 Frugi

164 3460 258 3517 sactus
271 3470 332 3518 est:
354 3461 471 3518 mimam
486 3462 564 3519 illam
578 3480 659 3519 suam
674 3482 741 3520 suas
755 3482 801 3521 ras
815 3464 870 3521 sibi
883 3463 990 3521 habere
1006 3464 1101 3540 jussit,
1115 3483 1152 3523 ex

164 3537 326 3596 Duodecim
347 3538 488 3597 Tabulis:
523 3541 618 3598 claves
641 3541 766 3612 ademit;
800 3542 904 3620 exegit.
944 3541 1045 3605 Quam
1066 3541 1152 3619 porrd
1169 3546 1205 3600 40

165 3626 310 3692 spectatus
330 3619 412 3690 civis,
432 3616 519 3694 qudm
538 3621 684 3695 probatus,
699 3620 782 3696 cujus
801 3640 838 3678 ex
857 3621 936 3679 omni
950 3623 1009 3679 viti
1021 3622 1094 3679 nihil
1109 3630 1154 3678 est

165 3695 321 3766 honestius,
335 3695 421 3772 quarn
434 3695 511 3772 quod
526 3717 593 3756 cum
607 3699 696 3755 mima
710 3699 779 3757 iecit
797 3700 969 3758 divortiuml
1010 3702 1052 3757 At
1064 3698 1153 3773 qudm

165 3771 268 3831 orebrd
288 3785 407 3851 usurpat
421 3776 488 3834 “Et
508 3777 609 3834 consul
635 3787 665 3834 et
691 3777 875 3836 Antonius!’'
897 3780 954 3835 hoc
979 3790 1024 3835 ast
1044 3777 1152 3844 dicere,

164 3860 194 3911 et
214 3854 325 3925 consul,
346 3863 375 3911 et
395 3853 655 3932 impudicissimus:
677 3867 707 3916 et
726 3856 839 3920 consul.
862 3865 893 3913 et
911 3857 997 3912 homo
1016 3849 1155 3926 nequissi-
