2692 4484
162 351 220 411 ιω
408 345 545 396 onnam
567 344 637 395 nno
657 344 691 396 a.
712 343 829 395 anulo
850 344 1002 394 MILONE.

208 489 403 567 decempedis,
437 490 520 547 villas
552 489 708 549 multorum
741 490 894 565 hortosque
925 489 1117 566 peragrabat3
1155 493 1211 567 qui

208 569 228 629 J
230 570 346 629 aniculo
358 579 388 628 et
401 569 526 646 Alpibus
539 587 619 646 spem
639 568 851 646 prusessionum
871 568 1047 627 terminabat
1067 588 1191 627 suarum
1200 591 1209 642 ;

209 650 259 725 qui
289 647 358 708 ciam
387 648 423 706 ab
450 649 547 724 equite
573 646 710 706 Romano
736 647 968 725 splendidissImo
995 658 1025 705 et
1045 648 1111 707 forti
1133 650 1209 722 viro,

209 729 247 787 T.
274 728 410 799 Pacavio,
437 748 495 786 non
525 727 717 804 impetrasset,
744 737 777 786 ut
802 727 927 786 insulam
955 726 985 785 in
1012 728 1080 785 lacu
1107 728 1210 789 Prelio

175 811 194 865 5
209 808 355 880 venderet,
369 805 488 884 repente
502 807 637 865 lintribus
651 806 681 865 iu
690 825 755 866 eam
770 806 893 865 insulam
907 806 1069 879 materiam,
1079 807 1207 881 calcem,

209 896 360 958 caementa,
390 896 475 962 atque
502 905 592 957 arma,
621 885 770 957 convexit3
800 886 974 962 dominoque
1000 895 1079 944 trans
1108 887 1207 963 ripam

208 967 399 1043 inspectante,
413 985 471 1024 non
485 965 628 1024 dubitavit
641 965 798 1024 edificium
818 975 951 1023 extruere
973 964 1004 1022 in
1019 964 1114 1025 alieno
1122 986 1131 1037 3
1153 966 1207 1041 qui

209 1046 278 1104 huic
304 1045 342 1103 T.
364 1044 514 1117 Furfanio,
535 1044 585 1103 cui
605 1045 682 1103 virol
723 1044 775 1103 Dii
795 1044 988 1103 immortales!
1020 1043 1103 1120 (quid
1123 1046 1207 1103 enim

208 1144 263 1202 ego
276 1125 313 1182 de
326 1124 498 1183 muliercula
519 1124 651 1196 Scantib,
665 1122 736 1199 quid
759 1124 796 1182 de
818 1124 1001 1183 adolescente
1022 1124 1147 1201 Aponio,
1161 1126 1207 1183 di·

159 1205 194 1259 10
209 1205 295 1263 cami
316 1223 437 1278 quorum
450 1203 564 1280 utrique
578 1213 700 1262 mortem
721 1213 766 1261 est
786 1203 946 1275 minitatus,
961 1202 1018 1261 nisi
1040 1202 1096 1262 sibi
1109 1204 1206 1263 borto-

208 1302 273 1342 rum
286 1283 464 1360 possessione
478 1283 625 1363 cessisset)
641 1283 693 1341 sed
715 1302 803 1341 ausus
823 1292 868 1340 est
891 1281 1031 1341 Furfanio
1047 1282 1157 1356 dicere,
1177 1283 1205 1341 si

208 1362 264 1421 sibi
277 1363 442 1440 pecuniam,
464 1373 602 1438 quantam
625 1371 804 1439 poposcerat,
825 1381 884 1422 non
906 1361 1042 1434 dedisset,
1057 1372 1204 1421 mortuum

209 1462 240 1501 ae
261 1441 290 1500 in
311 1442 428 1500 domum
443 1442 520 1519 ejus
539 1440 705 1511 illaturum3
737 1440 795 1516 qui
822 1440 932 1499 invidit
959 1441 1029 1499 huic
1055 1451 1130 1500 esset
1150 1443 1203 1500 tali

208 1521 270 1580 viro
299 1520 553 1599 conflagrandum
582 1521 632 1597 qui
652 1520 780 1598 Appium
809 1520 937 1593 fratrem,
965 1521 1110 1579 hominem
1130 1521 1202 1580 mihi

158 1599 194 1653 15
209 1601 395 1677 conjunctum
416 1600 555 1658 fidissima
569 1600 673 1678 gratie,
696 1599 843 1658 absentem
865 1600 902 1658 de
921 1600 1100 1677 possessione
1120 1600 1205 1659 tirndi

209 1680 331 1756 dejecit3
360 1680 410 1755 qui
437 1680 577 1757 parietem
605 1680 649 1737 sio
678 1699 728 1756 per
755 1679 929 1738 vestibulum
956 1679 1060 1738 sororis
1080 1679 1205 1739 Instituit

209 1759 327 1831 ducere,
342 1759 385 1817 sic
400 1778 486 1836 agere
510 1759 709 1830 fundamenta,
733 1768 766 1816 ut
786 1778 912 1818 sororem
933 1779 991 1818 non
1012 1757 1097 1818 modd
1119 1760 1204 1818 vesti·

209 1838 277 1897 bulo
289 1839 424 1915 privaret,
438 1838 490 1896 sed
503 1839 581 1897 omni
597 1839 677 1896 aditu
692 1848 721 1897 et
734 1838 843 1896 limine.
1179 1865 1182 1871 ·

248 1915 399 1976 XXVIII.
440 1917 619 1994 Quanquam
640 1919 704 1977 haec
731 1917 849 1993 quidem
865 1916 926 1995 jam
946 1918 1108 1977 tolerabilia
1126 1916 1204 1977 vide·

157 1998 194 2053 20
209 1998 330 2068 bantur3
351 1996 405 2055 etsi
420 1997 568 2073 aequaliter
590 1997 620 2055 in
644 1998 865 2074 rempublicam,
889 1997 920 2056 iu
942 1998 1077 2075 privatos,
1091 1998 1122 2055 in
1142 1997 1203 2056 lon·

208 2077 340 2155 ginquos,
369 2076 398 2135 in
424 2077 607 2155 propinquos,
631 2077 662 2135 in
684 2077 802 2149 alienos,
823 2078 854 2136 in
875 2096 951 2149 suos,
973 2078 1117 2148 irruebat;
1140 2078 1202 2149 sed,

208 2159 309 2216 nescio
322 2158 476 2233 quomodo,
485 2157 545 2235 jam
560 2177 614 2215 usu
628 2158 804 2216 obduruerat
824 2168 855 2215 et
867 2157 1059 2234 percalluerat
1078 2156 1203 2215 civitatis

208 2235 388 2297 incredibilis
400 2238 547 2315 patientia.
587 2238 666 2299 Quae
690 2234 758 2296 verd
783 2237 903 2295 aderant
913 2237 984 2314 jam,
1007 2248 1037 2295 et
1059 2237 1204 2312 impende·

208 2316 288 2388 bant,
303 2336 427 2392 quonam
442 2319 527 2375 modo
547 2336 584 2375 ea
607 2327 657 2374 aut
677 2316 820 2394 depellere
839 2316 1014 2393 potuissetis,
1036 2325 1086 2374 aut
1105 2315 1202 2373 ferrel

158 2400 194 2455 25
208 2394 366 2473 Imperium
394 2396 419 2453 si
449 2396 497 2454 ille
527 2407 631 2455 nactus
652 2407 728 2454 esset
742 2441 749 2454 .
765 2440 772 2453 .
788 2440 795 2453 .
811 2440 818 2453 .
832 2396 934 2455 omitto
961 2396 1064 2467 socios,
1091 2404 1204 2453 exteras

208 2476 349 2546 nationes,
364 2495 457 2552 reges,
472 2476 648 2545 tetrarehas3
669 2486 735 2533 vota
748 2476 827 2534 enim
847 2475 991 2548 faceretis,
1006 2486 1039 2533 ut
1058 2474 1089 2533 in
1103 2494 1152 2532 eos
1172 2494 1203 2532 se

208 2550 302 2629 potiris
324 2554 460 2625 mitteret,
482 2552 569 2630 quim
593 2555 623 2613 in
648 2565 758 2613 vestras
778 2556 981 2633 possessiones,
998 2564 1095 2613 vestra
1114 2564 1202 2625 tecta,

209 2642 317 2689 vestras
337 2632 494 2708 pecunias:
514 2635 655 2711 pecunias
677 2633 764 2693 dicol
786 2654 804 2692 a
823 2635 932 2706 liberis,
957 2654 975 2692 a
997 2634 1106 2705 liberis,
1131 2632 1204 2711 (me-

208 2711 274 2768 dius
287 2711 388 2790 fidius)
402 2723 432 2769 et
446 2732 463 2770 a
477 2713 648 2790 conjugibus
669 2713 782 2786 vestris,
796 2734 946 2789 nunquam
970 2715 1019 2772 ille
1042 2714 1203 2772 effrenatas

158 2793 194 2849 ³0
209 2809 276 2848 suas
289 2790 425 2850 libidines
447 2792 630 2851 cohibuisset.
673 2792 762 2871 Fingi
784 2795 848 2852 haec
868 2793 985 2871 putatis,
1000 2813 1064 2868 quar
1083 2793 1202 2871 patenti

209 2869 282 2941 haec,
296 2891 360 2947 quae
374 2881 517 2929 notasnnt
530 2872 686 2931 omnibusl
707 2893 771 2948 quae
785 2875 942 2932 tenenturl
964 2891 1109 2938 servorum
1124 2890 1204 2929 exer·

209 2950 285 3008 citus
305 2950 386 3008 illum
407 2950 437 3010 in
457 2950 537 3010 Urbe
560 2953 791 3030 conscripturum
818 2953 916 3025 lirisse,
936 2973 987 3029 per
1014 2972 1085 3029 quos
1113 2960 1203 3010 totam

208 3031 428 3107 rempublicam,
442 3051 545 3107 resque
557 3032 683 3110 prisatas
695 3033 836 3104 omnium,
849 3033 1016 3109 possideret.

247 3110 459 3184 Quamobrem,
487 3112 521 3184 si,
546 3122 699 3171 cruentum
719 3112 849 3190 gladium
869 3122 982 3183 tenens,
1003 3112 1143 3170 clamaret
1162 3108 1200 3166 T.

158 3205 195 3259 35
210 3191 343 3251 Annius:
365 3199 384 3226 “
394 3193 514 3264 Adeste,
529 3211 635 3269 quaeso,
651 3202 737 3267 atque
759 3191 867 3264 audite,
882 3192 976 3251 ciues!
1019 3191 1051 3250 P.
1067 3189 1202 3249 Clodium

209 3271 360 3331 interfeci:
380 3273 443 3349 ejus
459 3272 578 3344 furores,
601 3293 671 3349 quos
692 3272 779 3331 nullis
797 3269 858 3348 jam
877 3272 1002 3350 legibus,
1024 3270 1111 3330 nullis
1129 3267 1203 3345 judi·

209 3350 273 3421 ciis,
288 3352 409 3410 fraenare
422 3361 596 3428 poteramus,
610 3351 666 3410 hoo
680 3352 755 3411 ferro
768 3361 798 3410 et
811 3352 868 3410 hac
888 3351 989 3411 desub
1010 3370 1028 3409 a
1041 3348 1203 3409 cervicibus

208 3428 311 3484 vestris
324 3430 434 3507 repuli3
455 3450 506 3507 per
521 3450 569 3489 me
589 3441 622 3489 ut
641 3450 742 3503 unum,
754 3431 811 3508 jus,
827 3432 957 3507 aequitas,
971 3431 1060 3527 leges,
1075 3429 1202 3495 libertas,

207 3506 308 3582 pudor,
318 3509 470 3584 pudicitia,
482 3509 511 3567 in
523 3510 640 3568 civitate
654 3521 805 3569 manerent
815 3511 842 3583 ;’'
866 3522 943 3569 esset
953 3531 1021 3570 vero
1031 3507 1202 3575 timendum,

159 3597 195 3651 4ο
209 3604 334 3661 quonam
357 3587 443 3660 modo
463 3587 493 3644 id
514 3590 601 3647 ferret
621 3590 744 3648 civitasl
775 3590 866 3650 Nunc
892 3592 972 3650 enim
995 3589 1060 3665 quis
1080 3596 1132 3657 est,
1153 3585 1203 3659 qui
1236 3625 1239 3630 «

208 3684 266 3725 non
279 3667 400 3742 probetl
422 3665 471 3740 qui
491 3686 549 3724 non
569 3667 691 3726 laudet-l
711 3668 761 3743 qui
775 3690 843 3743 non,
859 3691 950 3730 unum
969 3679 1033 3748 post
1055 3665 1204 3726 hominum

208 3744 377 3803 memoriam
391 3743 430 3803 T.
445 3744 577 3803 Anniaun
600 3746 757 3824 plurimum
779 3751 946 3828 reipublioae
962 3747 1114 3827 profuisse,
1128 3762 1205 3802 max·

210 3824 269 3884 ima
286 3824 386 3883 latitia
405 3824 542 3902 populum
562 3824 741 3901 Romanum,
764 3841 902 3889 cunctam
923 3829 1051 3900 Italiam,
1073 3825 1206 3885 nationes

209 3924 319 3975 omues,
334 3904 476 3976 affecisse,
497 3915 527 3963 et
546 3905 636 3975 dicat,
657 3917 687 3966 et
707 3909 834 3968 sentiatl
875 3908 1009 3983 Nequeo,
1033 3915 1133 3973 vetera
1157 3902 1206 3971 illt
