2692 4484
355 334 492 386 ORATIO
513 332 584 384 PRO
604 330 637 381 Τ.
658 329 774 381 ANNIO
796 326 948 378 MILONE.
1139 325 1197 385 119

155 483 233 540 lectu
248 484 324 553 dato,
345 478 488 558 judicium
511 486 746 554 exspectaturum
769 472 859 531 finisse
883 472 913 530 in
936 471 1000 548 ejus
1022 470 1149 528 consiliis

156 559 345 630 vindicandis,
370 559 419 635 qni
432 558 478 616 vel
499 556 611 634 judicia
624 555 688 632 ipsa
710 552 845 611 tolleretl
886 551 965 611 Setis
986 550 1150 629 judicatum

156 651 202 698 cst
217 638 392 715 uPcmpeic,
407 638 487 709 satis,
502 634 575 694 falsd
589 635 645 692 isto
668 630 795 692 conferri
808 632 839 690 in
859 630 1019 690 Milonem:
1040 628 1090 707 qni
1110 629 1151 686 le·

156 738 222 796 gem
235 719 311 790 tulit,
325 718 392 795 qud,
406 727 440 774 nt
453 736 508 794 ego
530 714 634 785 sentio,
658 712 801 770 Milonem
825 710 931 770 absolvi
945 730 962 769 a
974 710 1056 769 vobis
1069 728 1151 785 opor·

156 807 247 869 teret3
269 808 301 856 nt
310 806 411 856 omnes
425 796 609 863 confitentur,
622 792 734 850 liceret
1181 793 1200 845 5

194 877 288 939 Quod
300 874 369 934 verb
384 875 415 934 in
430 875 479 933 illo
492 875 566 944 loco,
581 883 667 947 atque
681 870 738 928 illis
757 869 937 946 publicorum
950 868 1151 946 praesidiorum

156 957 247 1033 copiis
270 955 476 1025 circumfusus,
500 954 599 1021 sedet3
621 950 692 1008 satis
715 949 853 1028 declarat,
880 967 911 1005 se
934 968 992 1005 non
1011 957 1150 1006 terrorem

157 1036 265 1093 inferre
279 1034 371 1105 vobis,
387 1033 471 1109 (quid
485 1032 564 1090 enim
587 1030 637 1088 illo
659 1027 757 1086 mimis
780 1028 910 1104 dignum,
925 1024 1011 1101 quim
1035 1046 1149 1103 cogere,

157 1124 260 1172 utros
281 1132 350 1170 eum
377 1110 585 1181 condemnetis,
607 1110 637 1167 in
657 1126 745 1183 quem
775 1106 1003 1164 animadvertere
1031 1106 1101 1183 ipse,
1122 1116 1152 1164 et

157 1212 240 1251 more
253 1191 396 1267 majorum
417 1201 447 1247 et
469 1209 522 1248 sno
542 1189 615 1265 jure,
639 1187 771 1265 possett)
797 1186 847 1244 sed
870 1185 1098 1261 praesidioesse;
1121 1186 1201 1243 utto

159 1270 340 1347 intelligatis,
356 1280 456 1327 contra
475 1271 638 1326 hesternam
663 1265 834 1325 concionem
857 1264 946 1336 illam,
960 1264 1048 1322 licere
1062 1264 1151 1336 vobis,
1220 1307 1222 1312 .

160 1350 239 1426 qnod
252 1348 393 1419 sentiatis,
406 1346 498 1406 libere
510 1347 649 1423 judicare.

200 1428 335 1486 XXVII.
370 1426 435 1485 Nec
450 1425 518 1486 verd
538 1446 595 1498 me,
617 1426 742 1503 judices,
768 1424 944 1483 Clodianum
964 1423 1074 1482 crimen
1094 1443 1154 1482 mo·

160 1518 226 1565 ret:
248 1526 304 1565 nec
317 1518 376 1564 tam
390 1525 453 1563 sum
468 1507 597 1577 demens,
611 1516 729 1581 tamque
743 1504 828 1562 vestri
851 1502 954 1562 sensis
973 1502 1091 1579 ignarus
1111 1512 1154 1560 at-

159 1606 216 1662 que
229 1606 340 1662 expers,
355 1601 386 1642 ut
399 1585 540 1657 nesciam,
555 1586 624 1660 qnid
639 1586 676 1642 de
696 1594 789 1642 morte
809 1582 908 1641 Clodii
928 1582 1067 1639 sentiatis.
1107 1582 1154 1640 De
1168 1581 1203 1636 15

159 1666 226 1741 qud,
241 1665 265 1722 si
282 1665 343 1740 jam
366 1665 472 1723 nollem
497 1665 537 1723 ita
557 1665 669 1722 diluere
690 1664 812 1734 crimen,
826 1671 859 1720 ut
883 1661 965 1732 dilui,
986 1670 1085 1719 tamen
1104 1660 1156 1718 im·

158 1742 236 1820 pund
258 1743 362 1803 Miloni
382 1743 480 1822 paldm
493 1744 621 1802 clamare
641 1754 728 1819 utque
751 1741 867 1801 mentiri
890 1738 1015 1819 gloriose
1035 1739 1155 1799 liceret:

158 1823 276 1895 Occidi,
289 1823 397 1895 occidi,
412 1844 470 1883 non
491 1824 541 1900 Sp.
557 1822 692 1895 Melium,
706 1822 766 1899 qni,
782 1821 898 1880 annoni
918 1820 1051 1892 levandi,
1061 1819 1156 1897 jactu·

159 1904 256 1979 risque
269 1903 312 1961 rei
326 1903 487 1974 familiaris,
502 1903 571 1978 qnia
594 1902 683 1960 nimis
707 1900 842 1979 amplecti
855 1900 970 1978 plebem
989 1900 1155 1976 putubatur,

160 1981 190 2039 in
204 1982 398 2060 suspicionem
411 1982 518 2041 incidit
538 1981 621 2058 regni
646 1981 818 2058 appetendi:
839 2000 898 2039 non
913 1979 963 2037 Ti.
977 1980 1156 2051 Gracchum,
1169 1986 1206 2041 20

160 2062 210 2137 qui
224 2063 342 2139 collegae
356 2062 557 2138 magistratum
577 2080 627 2137 per
651 2061 823 2119 seditionem
848 2059 1014 2136 abrogavit3
1036 2077 1157 2133 quornm

161 2139 361 2198 interfectores
375 2139 532 2215 implerunt
553 2140 652 2197 orbem
676 2149 818 2198 terrarum
840 2137 967 2198 nominis
987 2137 1033 2196 sni
1046 2137 1156 2215 glutiri:

161 2219 214 2277 sed
228 2238 305 2289 enm,
322 2220 457 2296 (auderet
480 2219 559 2277 enim
583 2218 691 2289 dicere,
707 2217 775 2278 crim
797 2218 930 2296 patriam,
944 2218 1075 2295 periculo
1095 2237 1157 2291 sno,

162 2297 327 2377 liberdsset)
344 2297 427 2373 cnjus
446 2297 605 2356 nefandum
620 2298 844 2357 adulterinmtin
857 2298 1055 2376 pulvinaribus
1075 2317 1159 2355 sanc·

162 2376 281 2434 tissimis
301 2377 485 2435 nobilissimae
510 2377 635 2435 foeminae
650 2378 948 2454 comprehenderunt:
973 2397 1051 2448 eum,
1076 2377 1159 2455 cujus
1171 2375 1208 2431 2⁵

162 2457 302 2532 supplicio
325 2466 443 2515 senatus
465 2457 610 2515 sollennes
635 2458 791 2536 religiones
811 2458 967 2534 expiandas
994 2476 1070 2533 saepe
1090 2476 1159 2515 cen·

161 2536 220 2594 suit
231 2556 238 2593 ε
260 2556 337 2608 enm,
349 2555 434 2612 quem
445 2555 512 2595 cum
523 2557 619 2595 sorore
630 2538 770 2614 germanis
780 2537 921 2596 nefarium
933 2548 1063 2613 stuprum
1073 2535 1158 2595 fecis-

141 2607 145 2623 ’
161 2634 203 2686 se,
217 2615 252 2673 L.
267 2616 418 2688 Lucullus,
429 2617 553 2694 juratus,
574 2636 615 2688 se,
630 2617 837 2692 quaestionibus
857 2617 973 2689 habitis,
988 2615 1060 2674 dixit
1081 2636 1158 2675 com·

160 2695 285 2771 perisse:
306 2715 384 2767 enm,
400 2696 449 2771 qui
463 2696 568 2768 civem,
582 2716 669 2773 quem
684 2707 812 2768 senatus,
825 2716 912 2773 quem
924 2697 1056 2773 populus,
1070 2715 1157 2771 quem

110 2816 115 2827 .
160 2792 261 2833 omnes
273 2786 385 2853 gentes,
400 2775 487 2835 Urbis
511 2796 548 2834 ac
570 2777 637 2835 vitae
661 2776 769 2834 cisium
793 2788 1023 2835 conservatorem
1045 2775 1208 2853 judicit-³0

160 2864 235 2925 rant,
259 2873 405 2914 servorum
427 2855 514 2913 armis
535 2855 756 2915 exterminarit:
787 2875 864 2928 eum,
886 2856 935 2932 qni
956 2875 1046 2933 regna
1066 2854 1157 2928 dedit,

161 2933 279 3013 ademit,
292 2935 393 2992 orbem
405 2944 559 3008 terrarum,
570 2936 745 3011 quibuscum
755 2936 854 3007 voluit,
864 2935 985 3013 partitus
995 2945 1057 2994 est:
1079 2953 1157 3007 enm,

160 3011 220 3088 qni,
254 3012 387 3089 plurimis
416 3014 545 3073 caedibus
575 3014 605 3074 in
633 3015 695 3074 foro
721 3015 816 3087 factis,
844 3014 984 3093 singulari
1004 3015 1109 3073 virtute
1129 3023 1159 3072 et

161 3091 253 3168 gloriit
268 3092 362 3151 civem
386 3094 503 3151 domum
527 3094 556 3152 vi
580 3105 609 3153 et
623 3095 710 3153 armis
734 3094 893 3171 compulit:
914 3114 992 3165 enm,
1016 3093 1065 3152 cui
1085 3093 1159 3151 nihil

162 3190 289 3246 unquam
304 3172 387 3230 nefas
401 3171 455 3230 fnit
468 3192 524 3231 nec
538 3173 568 3232 in
583 3174 712 3233 facinore
726 3194 783 3232 nec
803 3173 834 3232 in
857 3173 979 3232 libidine
991 3193 997 3231 :
1019 3191 1096 3244 eum,
1110 3171 1160 3249 qni
1172 3180 1208 3238 35

162 3251 256 3308 aedem
269 3250 471 3328 Nympharum
492 3252 632 3325 incendit,
646 3263 679 3312 nt
701 3253 871 3312 memoriam
892 3252 1040 3331 publicam
1059 3272 1160 3311 recen·

161 3328 260 3401 sionis,
275 3330 383 3388 tabulis
395 3330 521 3408 publicis
531 3332 709 3409 impressam,
721 3332 921 3411 extingueret:
943 3352 1010 3391 enm
1024 3331 1159 3407 deniqne,

160 3408 209 3467 cni
220 3410 281 3485 jam
295 3411 376 3468 nulla
389 3411 436 3469 lex
450 3422 521 3484 erat,
535 3412 647 3470 nullum
668 3412 753 3471 civile
773 3413 830 3489 jus,
854 3412 926 3471 nulli
949 3411 1159 3491 possessionum

160 3490 294 3561 termini;
326 3490 386 3566 qni,
413 3510 472 3549 non
500 3491 647 3549 calumnii
674 3491 779 3564 litium,
806 3512 864 3551 non
891 3492 1004 3569 injustis
1024 3490 1160 3551 vindiciis

162 3586 198 3626 ac
220 3570 418 3642 sacramentis,
444 3570 554 3630 alienos
577 3571 691 3644 fundos,
706 3572 757 3631 sed
781 3572 893 3644 castris,
907 3572 1047 3644 exercitu,
1068 3572 1160 3649 signis
1172 3578 1209 3634 40

162 3645 329 3719 inserendis,
351 3650 487 3725 petebut3
508 3650 630 3727 quinon
653 3649 748 3710 solirm
771 3651 920 3724 Etruscos,
936 3651 1000 3730 (eos
1020 3653 1161 3728 enimpe·

163 3725 241 3785 nitus
255 3730 478 3809 contempserat)
494 3731 545 3789 sed
560 3732 639 3789 hunc
651 3731 693 3794 Q„
708 3731 842 3803 Varium,
856 3732 951 3790 virum
961 3731 1159 3800 fortissimum,

163 3815 249 3881 atque
267 3806 407 3883 optimum
428 3809 532 3883 civem,
551 3810 682 3887 jndicem
705 3820 845 3882 nostrum,
872 3811 980 3887 pellere
1005 3807 1161 3884 possessio·
1261 3821 1265 3828 “

163 3884 250 3956 pibus
263 3885 350 3954 armis
372 3888 533 3976 castrisque
557 3900 679 3957 conatus
692 3899 755 3961 θεῖς
777 3889 838 3964 qni,
852 3907 920 3946 cum
944 3884 1112 3945 architectis
1132 3893 1162 3943 et
