2692 4484
85 334 92 349 ·
144 329 184 388 ῃ
458 322 594 375 aarum
617 324 687 375 ruo
709 325 743 383 o.
766 323 947 374 alsamo,
1004 368 1007 375 ,
1052 340 1053 343 ¹

232 468 319 539 Vide,
333 487 438 544 queso,
459 467 588 539 Tubero,
605 477 647 539 ut,
670 468 719 544 qui
733 468 770 526 de
793 486 859 526 meo
879 469 957 527 sacto
977 486 1035 528 uon
1056 471 1189 532 dubitem

193 546 301 618 dicere,
316 548 352 605 de
374 545 484 624 Ligarii
505 566 564 605 non
586 547 710 605 audeam
731 547 871 605 confiteri.
913 548 1012 624 Atque
1030 550 1093 608 haec
1106 546 1191 630 prop.

192 636 273 685 terea
292 627 328 683 de
342 645 390 683 me
403 626 473 697 dixi,
488 635 519 682 ut
542 625 614 684 mihi
636 625 766 697 Tubero,
789 624 858 684 cdm
872 626 909 685 de
932 647 964 685 se
984 629 1087 686 eadem
1107 633 1190 691 dice·

192 724 263 775 rem,
292 703 470 785 ignosceret:
501 705 585 780 cujus
605 723 660 782 ego
682 704 829 762 industria:
851 705 1007 782 gloriaeque
1027 707 1118 780 faveo,
1140 712 1201 779 vel¹

159 794 304 861 5propter
336 784 524 860 propinquam
551 784 764 860 cognationem,
791 785 836 841 vel
864 783 943 859 quod
975 786 1038 861 ejus
1068 782 1187 865 ingenio

192 863 351 936 studiisque
365 862 502 932 delector,
516 862 560 921 vel
583 860 661 938 quod
685 863 801 920 laudem
824 862 1015 941 adolescentis
1034 868 1185 973 prqpmqui

192 942 324 1000 existimo
336 942 424 999 etiam
443 941 480 1000 ad
494 959 591 999 meum
613 941 739 1018 aliquem
756 943 888 1000 ¹fructum
906 930 1081 1014 'redundate
1123 948 1184 1005 Sed

191 1023 248 1080 hoc
268 1040 373 1096 quaero,
389 1021 453 1096 quis
472 1029 554 1097 putet
575 1040 638 1079 esse
662 1021 784 1092 crimen,
809 1021 898 1079 fuisse
921 1022 952 1080 in
974 1024 1077 1080 Africa
1098 1024 1184 1102 Liga-

191 1101 287 1159 riuml
326 1099 441 1177 Nempe
462 1100 496 1171 is,
519 1100 568 1175 qui
589 1101 694 1177 etipse
718 1100 747 1158 in
761 1100 865 1158 sidem
886 1101 989 1159 Africa
1008 1122 1071 1159 esse
1085 1104 1182 1176 voluit,

143 1185 178 1242 10
191 1190 222 1238 st
239 1179 413 1256 prohibitum
427 1199 459 1238 so
483 1198 500 1237 a
522 1179 639 1257 Ligario
662 1181 801 1257 queritur,
815 1191 845 1237 et
866 1179 945 1238 corte
968 1193 1069 1238 contra
1089 1182 1181 1259 ipsum

192 1260 339 1318 Caesarem
352 1270 395 1318 ast
408 1278 580 1337 congressus
598 1271 733 1318 armatus.
774 1259 858 1322 Quid
882 1260 975 1331 enim,
984 1260 1112 1333 Tubero,
1134 1263 1183 1320 de·

192 1339 308 1417 qtrictus
331 1339 380 1397 ille
399 1350 466 1397 tuus
487 1339 517 1397 in
542 1341 606 1398 aoie
627 1339 796 1398 Pharsalici
819 1339 934 1416 gladius
949 1340 1072 1417 agebatl
1100 1341 1182 1417 cujus

183 1424 267 1479 tatus
288 1417 338 1476 ille
358 1437 460 1476 mucro
472 1418 587 1495 petebat
598 1422 611 1477 l
631 1419 681 1495 qui
694 1438 796 1478 sensus
809 1429 871 1476 erat
890 1437 1034 1477 armorum
1046 1429 1160 1477 tuorum
1168 1416 1190 1478 l

192 1517 256 1574 que
277 1506 328 1554 tua
351 1499 455 1555 mensl
483 1498 581 1556 oculil
602 1500 728 1556 manusl
757 1499 840 1556 ardor
861 1497 971 1555 adimit
997 1498 1067 1574 quid
1087 1500 1208 1575 copie.

143 1580 178 1635 15
192 1577 266 1634 baal
286 1576 356 1652 quid
373 1576 514 1652 optabasl
541 1576 639 1635 Nimis
660 1596 767 1655 urgeo:
790 1577 963 1635 commoveri
984 1578 1095 1634 videtur
1117 1579 1183 1636 ado·

191 1655 321 1713 lesceus:
343 1655 380 1712 ad
394 1674 442 1714 me
455 1666 610 1730 revertam,
618 1657 722 1734 iisdem
737 1657 767 1714 in
782 1656 870 1713 armis
884 1656 934 1713 fui.
1261 1706 1263 1709 .

232 1733 285 1791 IV.
313 1734 397 1795 Quid
419 1745 516 1792 autem
541 1732 619 1793 aliud
641 1737 763 1812 egimus,
778 1735 898 1793 Tubero
918 1734 1119 1810 nisi,·utsquod
1133 1736 1183 1793 hic

191 1822 293 1891 potest,
320 1830 373 1871 nos
405 1815 572 1889 possemusl
611 1814 746 1876 Quorum
773 1815 861 1891 igitur
888 1812 1182 1889 impunitastaesar,
1237 1863 1241 1870 .
1284 1858 1288 1863 .

192 1902 249 1950 tuae
264 1893 425 1951 clementias
448 1893 512 1952 laus
533 1903 586 1965 est,
604 1913 703 1952 eorum
727 1894 852 1969 ipsorum
875 1894 913 1949 ad
932 1893 1131 1953 crudelitatem
1153 1904 1183 1951 te
1223 1944 1225 1947 ,

142 1977 178 2032 20
194 1981 279 2030 acuet
291 1972 403 2030 oratiol
431 1975 529 2049 Atque
543 1973 573 2030 in
588 1973 644 2031 hac
662 1974 751 2029 ca'usd
773 1972 904 2030 nonnihil
926 1969 1070 2046 equidem,
1085 1972 1184 2031 Tube·

192 2070 234 2122 ro,
248 2052 336 2115 etiam
349 2062 440 2123 tuam,
454 2054 504 2110 sed
520 2050 610 2110 rnultd
632 2052 724 2129 magis
747 2052 835 2127 patris
849 2051 901 2122 tui,
915 2052 1095 2127 prudentiam
1109 2050 1184 2109 de'si·

193 2130 277 2201 dero;
299 2129 377 2208 qudd
399 2133 493 2203 homo,
508 2130 575 2189 cdm
601 2131 799 2207 ingeniatum
823 2131 910 2188 etiam
933 2131 1064 2187 doctrina
1090 2130 1183 2187 excel·

193 2209 266 2281 lens,
280 2230 373 2287 genus
387 2211 442 2268 hoc
456 2229 552 2268 causas
566 2211 640 2285 quod
654 2222 739 2280 esset,
754 2230 813 2268 non
826 2209 946 2267 viderit:
969 2228 1046 2279 nam,
1060 2209 1085 2266 si
1098 2209 1182 2266 vidis-
1272 2212 1276 2219 ‘

193 2300 246 2359 set,
259 2290 360 2366 quovis
372 2289 613 2366 prosectd‚·qulm
629 2289 683 2347 isto
697 2290 790 2361 modo,
806 2299 864 2346 ate
880 2289 926 2365 agi
940 2288 1095 2345 maluisset.
1197 2340 1199 2343 .

142 2376 178 2429 2⁵
234 2370 343 2445 Arguis
357 2369 503 2425 fatentem.
546 2368 612 2425 Non
627 2380 670 2426 est
692 2369 769 2426 satis.
815 2370 946 2426 Accusas
961 2387 1039 2438 eum,
1053 2367 1102 2442 qui
1116 2385 1184 2424 cau-

193 2465 255 2503 sam
277 2446 373 2515 hahet,
390 2456 448 2515 aut,
463 2456 495 2503 ut
518 2467 572 2523 ego
595 2447 671 2518 dico,
686 2449 834 2505 meliorem
857 2445 943 2522 qudm
966 2456 1008 2516 tu,
1024 2457 1081 2517 aut,
1096 2454 1128 2503 ut
1151 2456 1183 2504 tu

165 2523 245 2594 uvis,
267 2542 374 2598 parem.
417 2523 491 2581 Haec
514 2545 570 2583 non
594 2524 679 2583 modd
702 2526 846 2584 mirabilia
872 2536 954 2594 sunt:
983 2526 1035 2582 sed
1059 2524 1182 2603 prodigii

193 2601 287 2660 simile
301 2611 354 2672 est,
368 2603 443 2677 quod
458 2604 562 2661 dicam.
606 2605 673 2663 Non
698 2606 784 2663 habet
798 2625 863 2663 eam
877 2606 934 2662 vim
957 2605 1012 2662 ista
1026 2604 1181 2673 accusatio,

193 2691 226 2738 ut
250 2679 291 2742 Q.
315 2680 450 2758 Ligarius
477 2684 695 2756 condemnetur,
722 2686 773 2741 sed
802 2695 832 2742 ut
859 2696 988 2742 necetur.
1029 2683 1096 2741 Hoc
1123 2682 1183 2758 egit

142 2765 179 2822 m
194 2759 265 2817 civis
291 2759 443 2819 Romanus
471 2774 537 2820 aute
564 2773 592 2819 te
616 2782 720 2822 nemo..
758 2763 879 2821 Externi
907 2764 964 2822 isti'
980 2771 1046 2821 sunt
1072 2779 1182 2825 mores:
1242 2830 1250 2839 ,

193 2859 284 2915 usque
298 2840 334 2897 ad
348 2841 520 2917 sanguinem
535 2842 650 2899 incitari
672 2842 744 2900 solet
764 2843 863 2900 odium
887 2853 936 2900 aut
949 2843 1054 2901 levium
1068 2834 1183 2898 Graeco·

193 2937 267 2990 rum,
292 2929 342 2977 aut
369 2919 539 2977 immanium
567 2921 761 2979 barbarorum.
803 2921 882 2990 Nam
909 2923 979 2997 quid
1001 2920 1078 2980 aliud
1100 2920 1182 2996 agisl

193 3007 225 3055 ut
238 2998 341 3063 Rome
355 3018 393 3057 ns
406 2997 464 3056 sitl
482 3010 517 3058 ,ut
531 3001 619 3059 domo
629 3002 747 3058 careatl
769 3021 806 3059 ne
821 3020 887 3058 cum
910 3001 1025 3078 optimis
1039 3000 1181 3069 fratribus,

193 3097 231 3137 ue
255 3098 322 3136 cum
346 3079 401 3137 hoo
425 3078 463 3137 T.
488 3079 629 3152 Broccho,
644 3081 788 3139 avunculo
810 3100 872 3152 suo,
886 3100 924 3138 ne
945 3100 1013 3138 cum
1031 3079 1093 3155 ejus
1113 3078 1181 3148 lilio,

142 3159 179 3214 3⁵
193 3158 365 3218 consobrino
378 3179 439 3232 suo,
454 3179 491 3220 us
505 3161 666 3232 nobiscum,
682 3161 777 3220 vivatl
799 3181 837 3219 ne
851 3160 888 3218 sit
906 3160 1062 3238 inpetriri?
1103 3156 1182 3215 Num

193 3240 257 3295 estl
284 3258 354 3297 num
380 3250 473 3314 potest
498 3241 592 3318 magis
619 3259 719 3299 carere
741 3241 786 3299 his
806 3241 948 3310 omnibus
973 3237 1060 3313 quam
1082 3237 1182 3294 caretl

194 3314 280 3381 Italia
293 3317 470 3393 prohibetur,
484 3321 604 3378 exsulat.
645 3319 714 3377 Non
729 3330 759 3376 tu
774 3339 843 3395 ergo
856 3320 934 3375 hunc
955 3313 1048 3392 patrii
1061 3316 1183 3392 privare,

193 3394 250 3467 qud
272 3405 362 3463 caret,
384 3396 436 3452 sed
459 3398 527 3468 vitri,
542 3399 593 3455 vis.
637 3399 678 3455 At
691 3399 778 3466 istud,
805 3416 842 3452 ne
972 3413 1039 3448 eum
1066 3394 1184 3464 quidem

194 3470 316 3529 dictator
389 3474 445 3551 qui
467 3494 576 3546 omnes,
597 3495 668 3551 quos
690 3475 800 3543 oderat,
819 3488 867 3528 mo
962 3470 1081 3537 uitabat,
1108 3469 1184 3542 quis·

112 3556 180 3618 '40
194 3568 280 3625 quam
294 3486 422 3686 espa>
433 3552 526 3699 mo.
568 3552 634 3630 Ipse
644 3553 765 3629 jubebat
785 3550 850 3608 occi
927 3547 985 3604 ullo
1005 3546 1183 3623 postulante:

161 3650 164 3655 ¹
193 3628 347 3708 premiise
373 3646 420 3686 am
506 3632 579 3688 abet.
620 3632 698 3692 Qum
712 3640 810 3687 tamen
834 3649 864 3687 or
935 3627 999 3698 itas,
1015 3626 1051 3683 ab
1073 3625 1184 3698 eodem,

195 3708 302 3785 aliquot
328 3708 413 3769 aunis
437 3702 512 3795 prist,
539 3727 625 3793 quom
651 3728 732 3771 nunc
755 3709 872 3771 crudele
929 3726 993 3765 esse
1021 3706 1073 3779 vis,
1095 3704 1184 3775 vindi-

195 3797 261 3854 cata
274 3798 327 3857 est.
1101 3792 1106 3800 ’
1173 3798 1176 3804 ·
