2692 4484
350 309 486 360 ORATIO
508 308 558 360 111.
580 308 619 359 IN
640 309 672 358 L.
694 307 912 360 CATILINAM.
1138 315 1180 374 27

74 509 76 513 .
144 467 228 527 runt,
248 466 278 514 et
291 474 345 532 ego
358 474 394 512 ex
409 453 581 532 praefectura
600 451 732 510 Reatina
746 451 907 528 complures
921 452 1051 509 delectos
1066 455 1130 511 ado·

143 538 295 606 lcscentes,
309 552 429 608 quorum
449 533 536 609 opera
550 532 581 589 in
594 550 626 588 re
639 531 758 607 publica
779 528 893 588 assidue
908 540 983 602 utor,
996 531 1131 607 praesidio
1196 537 1201 543 “

144 633 212 674 cum
225 613 329 690 gladiis
342 612 487 670 miseram.
521 610 643 668 Interim
654 609 740 667 tertia
751 607 811 667 fere
823 609 921 686 vigilia
935 608 1131 681 exactd,ci1m

141 696 202 773 jam
214 701 330 769 pontem
350 689 495 748 Mulvium
508 706 615 767 magno
628 688 767 747 comitatu
780 687 869 764 legati
883 688 1073 765 Allobrogum
1088 688 1131 745 in·

143 773 226 851 gredi
252 771 424 847 inciperent,
444 769 561 845 unique
588 767 775 837 Vulturcius3
806 767 839 824 fit
862 767 893 824 in
916 787 965 825 eos
985 768 1128 843 impetus:
1164 762 1183 816 5
1288 801 1295 809 ·

144 853 308 911 educuntur
318 860 347 907 et
362 849 466 906 abillis
476 847 576 925 gladii,
588 856 617 904 et
632 866 649 904 a
662 846 775 905 nostris.
817 845 880 904 Res
891 855 953 904 erat
961 846 1130 922 praetoribus

91 926 104 951 ²
144 942 212 989 nota
225 929 309 988 solis:
330 927 516 1006 ignorabatur
531 946 549 984 a
562 927 683 984 ceteris.

151 1018 170 1065 t
184 1008 243 1067 III.
284 1008 375 1079 Tum,
390 1008 553 1065 interventu
567 1006 711 1083 Pomptini
726 1015 811 1082 atque
825 1005 938 1077 Flacci,
948 1023 1055 1082 pugna,
1066 1024 1130 1081 quar

145 1098 208 1147 erat
234 1087 398 1158 commissa,
421 1086 546 1143 sedatur.
588 1084 703 1157 Literae,
727 1103 908 1160 quaecunque
935 1095 1017 1142 erant
1044 1085 1075 1142 in
1096 1103 1132 1142 eo

146 1168 295 1238 comitatu,
307 1164 428 1241 integris
441 1165 541 1241 signis,
552 1163 720 1239 praetoribus
733 1164 903 1222 traduntur:
925 1163 989 1239 ipsi,
1004 1181 1132 1240 compre·
1148 1155 1184 1210 1⁰

146 1247 240 1317 hensi,
256 1247 293 1302 ad
306 1263 364 1315 me,
374 1241 443 1301 crim
454 1242 514 1318 jam
525 1243 727 1314 dilucesceret,
738 1243 930 1300 deducuntur.
972 1241 1069 1317 Atque
1083 1243 1132 1300 ho·

147 1345 212 1382 rum
224 1324 356 1383 omnium
376 1322 519 1379 scelerum
538 1322 781 1398 improbissimum
801 1321 1038 1387 machinatorem,
1053 1321 1133 1377 Cim·

147 1405 232 1462 brum
245 1400 414 1472 Gabinium,
429 1402 525 1458 statim
536 1402 573 1459 ad
586 1420 643 1472 me,
655 1401 798 1458 nihildum
809 1401 1012 1476 suspicantem,
1023 1399 1131 1471 vocari.

148 1482 264 1539 Deinde
279 1482 348 1538 item
362 1481 515 1551 arcessitur
529 1480 562 1537 P.
578 1479 721 1550 Statilius,
732 1489 761 1536 et
773 1489 836 1555 post
849 1498 915 1536 eum
930 1479 964 1536 C.
975 1480 1132 1556 Cethegus.

70 1615 73 1619 .
148 1557 329 1618 Tardissime
345 1569 441 1617 autem
455 1548 598 1617 Lentulus
611 1559 701 1630 venit,
713 1558 810 1629 credo,
820 1556 909 1633 qubd,
919 1559 1010 1616 literis
1020 1559 1133 1631 dandis,
1151 1554 1186 1608 15

54 1662 63 1670 ·
148 1649 250 1716 praeter
264 1639 514 1710 consuetudinem,
528 1638 657 1715 proximi
671 1647 758 1695 nocte
771 1637 914 1714 vigilaret.

189 1716 267 1776 Cirm
280 1716 347 1777 verb
362 1718 483 1776 summis
504 1737 540 1776 ac
560 1717 729 1776 clarissimis
745 1715 831 1792 hujus
845 1714 971 1773 civitatis
984 1715 1061 1788 viris,
1075 1715 1133 1792 qui,

151 1797 304 1868 auditisne,
319 1797 482 1874 frequentes
504 1798 540 1854 ad
561 1816 608 1854 me
625 1795 712 1853 mand
729 1803 932 1866 convenerant,
946 1795 1044 1853 literas
1058 1815 1075 1852 a
1088 1815 1135 1852 me

149 1874 229 1952 prius
243 1876 356 1953 aperiri,
370 1875 458 1952 quarn
473 1878 510 1935 ad
523 1887 656 1934 senatum
669 1875 786 1946 deferri,
800 1875 946 1950 placeret;
967 1894 1014 1946 ne,
1026 1875 1051 1931 si
1063 1874 1136 1931 nihil

151 1965 226 2013 esset
239 1955 397 2027 inventum,
411 1955 520 2015 temere
536 1974 554 2013 a
566 1975 613 2013 me
626 1965 725 2013 tantus
739 1947 880 2010 tuinultus
890 1953 1014 2028 injectus
1028 1951 1139 2010 civitati
1154 1955 1190 2010 20

151 2034 311 2104 videretur3
332 2035 437 2111 negavi
451 2053 498 2092 me
512 2054 575 2092 esse
589 2034 745 2105 facturum,
760 2042 802 2105 ut,
816 2033 854 2088 de
870 2032 1000 2106 periculo
1012 2031 1138 2107 publico,

50 2151 54 2157 -
152 2132 209 2169 non
225 2113 262 2169 ad
276 2113 428 2170 consilium
441 2113 590 2188 publicum
601 2131 662 2169 rem
672 2113 817 2188 integram
828 2111 980 2168 deferrem.
1011 2109 1138 2182 Etenim,

129 2262 131 2266 λ
151 2189 296 2259 Quirites,
311 2191 336 2246 si
349 2208 395 2259 ea,
409 2209 473 2264 quae
487 2199 570 2246 erant
591 2190 627 2246 ad
645 2203 694 2247 me
708 2189 814 2262 delata,
829 2188 944 2266 reperta
955 2209 1013 2247 non
1027 2199 1138 2260 essent;

154 2278 252 2326 tamen
266 2287 321 2344 ego
334 2287 392 2325 non
408 2268 577 2338 arbitrabar,
588 2268 618 2325 in
632 2269 721 2326 tantis
734 2270 901 2346 reipublice
910 2264 1058 2345 periculis,
1069 2269 1140 2326 mibi

155 2365 218 2402 esse
228 2347 349 2403 nimiam
360 2346 540 2422 diligentiam
552 2347 835 2421 pertimescendam.
857 2349 998 2406 Senatum
1009 2348 1140 2423 frequen·
1155 2351 1192 2406 25

156 2434 214 2480 tem
228 2425 369 2493 celeriter,
379 2433 411 2479 ut
421 2423 541 2495 vidistis,
552 2426 644 2502 coligi.
666 2427 764 2502 Atque
773 2428 883 2484 interea
893 2427 1000 2498 statim,
1013 2427 1140 2484 admoni-

155 2512 187 2558 tu
201 2501 398 2577 Allobrogum,
414 2502 448 2559 O.
465 2496 637 2579 Sulpicium,
651 2515 810 2581 praetorem,
825 2506 927 2563 fortem
944 2507 1047 2577 virum,
1062 2506 1138 2578 misi,

154 2580 213 2655 qui,
235 2599 271 2636 ex
291 2580 399 2637 aedibus
420 2576 555 2659 mgb
573 2582 598 2640 si
618 2585 689 2659 quid
708 2585 829 2642 telorum
849 2594 935 2656 esset,
950 2585 1082 2643 efferret:
1102 2594 1140 2644 ex

153 2659 258 2734 quibus
271 2657 320 2716 ille
333 2661 490 2717 maximum
505 2662 632 2720 sicarum
645 2682 799 2721 numerum
812 2674 841 2721 et
854 2664 1014 2741 gladiorum
1028 2665 1139 2722 extulit.

194 2737 248 2796 IV.
290 2737 446 2815 Introduxit
464 2740 651 2798 Vulturcium
675 2743 739 2800 sine
761 2741 871 2800 Gallis:
903 2743 988 2800 fidem
1016 2743 1044 2800 ei
1070 2744 1140 2820 pub-
1156 2748 1193 2803 30

152 2817 251 2889 licam,
270 2816 352 2893 jussu
373 2818 506 2890 senatis,
515 2816 599 2878 dedi:
621 2822 751 2891 hortatus
771 2841 845 2893 sum,
860 2831 892 2878 ut
906 2841 950 2893 ea,
965 2841 1027 2897 quae
1042 2823 1139 2894 sciret,

154 2897 217 2954 sine
227 2897 328 2956 timore
340 2898 490 2957 indicaret.
532 2898 613 2956 Tum
624 2899 683 2972 ille,
695 2898 765 2958 crim
775 2901 823 2957 vix
833 2920 864 2958 se
875 2921 910 2958 ex
923 2920 1028 2977 magno
1038 2901 1141 2960 timore

129 2984 133 3003 ⁶
153 2980 218 3033 reci
241 2976 323 3048 ⁴sset,
337 2978 419 3050 dixit,
435 2998 452 3035 a
473 2978 505 3035 P.
520 2977 645 3037 Lentulo
658 2999 691 3038 se
705 2980 813 3037 habere
828 2981 864 3037 ad
885 2980 1041 3037 Catilinam
1062 3000 1142 3039 man·

154 3053 204 3109 dat
291 3055 400 3127 literas,
414 3067 446 3127 ut
460 3076 605 3115 servorum
624 3059 760 3136 praesidio
778 3069 917 3129 uteretur,
932 3068 961 3116 et
976 3059 1012 3116 ad
1032 3059 1142 3116 Urbem

154 3118 368 3208 quamprinhm
388 3153 456 3190 cum
470 3137 598 3193 exercitu
614 3138 786 3194 accederet:
808 3138 839 3194 id
854 3147 950 3194 antem
963 3157 999 3195 eo
1013 3137 1141 3208 consilio,
1158 3139 1194 3192 35

155 3219 196 3282 ut,
212 3229 281 3268 cum
294 3210 404 3269 Urbem
417 3213 550 3270 omnibus
564 3234 600 3272 ex
612 3215 751 3290 partibus,
762 3216 1004 3292 quemadmodum
1019 3215 1143 3293 descrip-

155 3297 217 3345 tum
237 3289 480 3368 distributumque
500 3302 571 3363 erat,
588 3293 796 3366 incendissent,
811 3295 979 3370 caedemque
999 3294 1141 3352 infinitam

155 3367 262 3424 civium
277 3368 428 3439 fecissent3
449 3368 553 3447 praestb
569 3382 644 3429 esset
657 3373 716 3444 ille,
728 3374 777 3448 qni
791 3383 820 3430 et
831 3373 975 3450 fugientes
985 3374 1140 3451 exciperet,

154 3457 225 3504 etse
236 3467 303 3505 cum
313 3448 358 3505 his
368 3449 487 3506 urbanis
497 3449 621 3507 ducibus
632 3452 829 3529 conjungeret.
871 3452 934 3511 Intr
1012 3454 1034 3510 ti
1045 3464 1142 3512 autem

154 3525 242 3597 Galli,
261 3526 462 3603 jusjurandum
489 3528 545 3585 sibi
572 3539 601 3586 et
627 3529 725 3587 literas
746 3551 763 3588 a
787 3532 819 3588 P.
841 3530 975 3603 Lentul,
1042 3533 1141 3608 thego,
1158 3534 1194 3587 40

156 3605 280 3676 Statilio,
296 3606 331 3662 ad
345 3621 434 3663 'suam
453 3617 568 3683 gentem
583 3609 665 3665 datas
680 3629 742 3667 esse
757 3610 908 3681 dixerunt3
931 3622 1017 3686 atque
1032 3612 1073 3668 ita
1086 3612 1141 3668 sibi

157 3682 194 3737 ab
207 3684 252 3740 his
266 3695 295 3741 et
309 3704 326 3741 a
339 3684 373 3742 L.
389 3685 492 3743 Cassio
506 3706 568 3743 esse
581 3689 790 3763 praescriptum,
805 3699 838 3746 ut
858 3691 1019 3765 equitatum
1033 3689 1064 3746 in
1085 3689 1143 3745 Ita·

156 3760 227 3817 liam
239 3762 450 3839 quamprimum
464 3766 627 3836 mitterent3
648 3767 795 3843 pedestres
802 3768 865 3825 sibi
880 3769 977 3845 copias
990 3787 1049 3824 non
1063 3767 1144 3822 desu-

158 3851 254 3898 turas:
275 3841 429 3901 Lentulum
450 3853 548 3903 autem
569 3845 624 3902 sibi
646 3846 832 3905 confirmasse
850 3866 887 3903 ex
906 3847 973 3903 fatis
994 3842 1145 3917 Sibyllinis
