2692 4484
171 285 230 348 114
421 279 559 331 ORATIO
580 278 651 328 PRO
672 277 704 327 Τ.
726 275 841 345 ΑΝΜο
862 275 1013 325 MILONE.

222 437 302 485 tuam
322 426 353 483 in
366 426 394 483 vi
414 423 581 493 infereudri3
602 422 688 498 hujus
706 417 820 478 tantirm
840 421 871 478 in
889 420 1071 497 repellendi:
1093 432 1226 481 mortem

224 506 261 565 ab
282 506 332 564 illo
353 503 551 562 denuntiatam
575 501 680 559 Miloni
698 511 728 558 et
746 499 915 577 predictam
930 498 1045 577 palim3
1065 502 1140 559 nihil
1165 521 1227 559 un·

222 604 309 662 quam
324 584 453 642 auditum
466 602 502 640 er
515 581 644 640 Milone:
663 579 849 658 profectionis
859 579 945 656 hujus
953 580 1031 637 diem
1042 581 1083 638 illi
1097 588 1223 652 notum,

223 665 348 724 reditum
368 663 445 720 illius
464 661 534 719 huie
555 660 685 738 ignotum
705 660 811 726 fuisse:
832 659 918 735 hujus
932 659 986 717 iter
1000 660 1222 731 necessarium

187 739 207 793 5
224 741 301 801 illius
320 743 408 800 etiam
427 738 523 818 potiris
543 740 690 799 alienum:
711 740 790 797 hunc
809 758 867 815 prae
888 756 920 796 se
933 738 1044 810 tulisse,
1058 759 1089 797 se
1104 740 1156 797 illo
1169 741 1223 798 die

223 821 320 880 Romi
347 821 509 890 exiturum3
537 819 619 877 illum
639 839 675 877 eo
695 819 742 877 die
762 839 794 877 se
813 818 1011 876 dissimuldsse
1037 819 1221 877 rediturum:

224 903 303 960 huno
319 900 426 958 nullius
445 899 488 957 rei
507 899 635 956 mutisse
649 898 819 968 eonsilium3
841 898 923 955 illum
944 917 1062 955 oausam
1083 901 1221 956 mutandi

224 981 338 1040 oonsilii
359 979 492 1037 finxisse:
513 978 592 1049 huie,
609 979 634 1035 si
655 978 849 1049 insidiaretur,
864 987 979 1035 uootem
998 998 1085 1055 prope
1106 978 1221 1035 Urbem

224 1059 464 1138 exspectandam
486 1057 537 1130 illi,
552 1058 678 1115 etiamsi
693 1058 772 1115 huno
785 1077 842 1116 nou
860 1057 984 1129 timeret,
999 1069 1096 1115 tamen
1118 1076 1222 1115 acees-

173 1139 208 1194 10
224 1159 288 1198 sum
304 1140 340 1197 ad
353 1138 462 1196 Urbem
475 1148 649 1196 nocturnum
663 1138 751 1195 fuisse
765 1137 961 1195 metuendum.

263 1219 334 1277 XX.
369 1218 530 1276 Videamus
549 1236 638 1288 nunc,
654 1212 709 1293 (id,
723 1217 799 1293 quod
817 1226 904 1293 eaput
917 1217 974 1296 est)
989 1216 1070 1273 loeus
1091 1216 1127 1273 ad
1148 1216 1221 1273 insi·

225 1299 288 1357 dias
308 1298 357 1372 ille
378 1298 449 1374 ipse,
463 1298 514 1355 ubi
534 1297 682 1373 congressi
702 1305 778 1367 sunt,
793 1296 850 1353 utri
870 1295 988 1353 tandem
1008 1295 1093 1353 fuerit
1115 1296 1218 1371 aptior.

225 1378 262 1437 Id
281 1375 360 1449 verti,
378 1376 503 1453 judices,
523 1376 612 1434 etiam
639 1376 830 1433 dubitandum
850 1385 880 1433 et
899 1372 1009 1432 diutius
1029 1375 1218 1452 cogitandum

225 1459 291 1516 estl
326 1458 405 1515 Ante
426 1457 547 1514 fundum
574 1455 681 1526 Clodii,
704 1454 775 1532 (quo
794 1455 825 1513 in
845 1455 944 1525 fundo,
964 1463 1076 1530 propter
1097 1454 1219 1512 insanas

174 1544 209 1599 15
226 1538 290 1596 illas
310 1536 545 1607 substructiones,
560 1532 647 1593 facile
661 1534 741 1592 mille
759 1534 908 1592 hominum
921 1534 1106 1593 versabantur
1119 1534 1219 1591 velen·

225 1617 312 1697 tium)
327 1616 405 1675 edito
425 1615 581 1673 adversarii
602 1624 687 1690 atque
707 1614 821 1672 excelso
841 1614 905 1672 looo
921 1613 1095 1690 superiorem
1109 1633 1140 1670 se
1154 1613 1219 1671 fore

225 1697 344 1773 putabat
358 1695 449 1763 Milo;
470 1704 500 1750 et
512 1694 550 1751 ob
563 1712 629 1751 eam
642 1712 704 1751 rem
718 1713 784 1750 eum
799 1693 894 1751 locum
909 1693 947 1749 ad
959 1711 1086 1770 pugnam
1104 1693 1219 1769 potissi-

225 1773 304 1832 mum
326 1774 473 1849 elegeratl
495 1792 532 1830 an
552 1773 583 1830 in
603 1793 638 1831 eo
657 1773 722 1831 loeo
742 1782 786 1830 est
804 1769 899 1849 potids
919 1781 1100 1848 exspectatus
1118 1772 1154 1829 ab
1170 1792 1217 1844 eo,

225 1853 284 1930 qui,
299 1852 388 1929 ipsius
401 1851 458 1910 loei
472 1872 531 1928 spe,
546 1853 643 1910 faeere
657 1852 795 1929 impetum
810 1851 971 1928 eogitiratl
1006 1851 1068 1908 Res
1081 1851 1217 1926 loquitur,

172 1936 209 1992 20
222 1932 440 2014 judiees,ipsa;
461 1951 525 2007 quas
539 1951 651 2008 semper
664 1932 741 1990 valet
753 1929 918 2009 plurimdm.
960 1931 992 1988 Si
1007 1931 1069 1988 haec
1083 1950 1139 1989 nou
1153 1950 1219 2007 ges-

225 2022 256 2071 ta
269 2011 416 2084 audiretis,
431 2012 483 2069 sed
502 2011 581 2087 pieta
593 2011 748 2082 videretis,
769 2022 866 2068 temen
887 2020 1045 2087 appareret,
1059 2020 1123 2068 uter
1140 2020 1219 2068 esset

226 2092 385 2164 insidiator,
400 2101 463 2150 uter
483 2091 555 2150 nihil
577 2091 718 2168 cogitaret
737 2091 816 2162 mali,
831 2087 900 2147 edm
922 2090 993 2147 alter
1013 2090 1163 2147 veheretur
1185 2090 1217 2146 in

225 2172 316 2230 rhedi
329 2172 500 2249 penulatos,
514 2171 573 2229 und
586 2171 700 2229 sederet
713 2189 791 2229 uror.
832 2168 916 2231 Quid
936 2169 1038 2226 horum
1058 2188 1115 2226 non
1128 2168 1218 2244 impe-

226 2250 421 2309 ditissimuml
443 2250 571 2323 vestitus,
587 2270 624 2307 an
644 2250 871 2320 vehiculorum
893 2250 1010 2306 eomesl
1031 2247 1100 2323 quid
1120 2245 1217 2305 minus

172 2340 209 2395 25
224 2341 386 2408 promptum
407 2330 443 2388 ad
462 2327 684 2408 pugnam,oi1m
703 2329 817 2406 paruuli
838 2328 974 2399 irretitus,
989 2327 1079 2386 rhodi
1100 2327 1219 2403 impedi·

175 2409 179 2418 '
226 2419 282 2480 tus,
297 2428 384 2467 uxore
403 2408 477 2484 pene
499 2410 683 2480 constrictus,
697 2411 796 2467 essetl
831 2408 937 2466 Videte
957 2426 1037 2465 nuno
1057 2406 1148 2478 illum,
1161 2406 1219 2483 pri·

225 2486 307 2543 mum
320 2488 517 2563 egredientem
532 2508 549 2546 e
563 2489 641 2559 villa,
655 2486 771 2546 subitd:
793 2488 865 2546 ourl
887 2488 1014 2564 vesperi:
1036 2487 1105 2561 quid
1118 2505 1219 2544 neees-

225 2584 257 2623 se
270 2567 334 2622 estl
354 2564 456 2623 tarde:
478 2566 527 2642 qui
546 2568 690 2639 convenit,
705 2568 735 2625 id
751 2567 909 2645 presertim
929 2567 1086 2643 temporis?
1117 2566 1219 2624 Diver-

225 2643 261 2700 tit
287 2644 317 2702 in
343 2644 441 2701 villam
467 2645 605 2723 Pompeii.
646 2647 816 2724 Pompeium
843 2656 875 2704 ut
898 2647 1028 2704 videretl
1055 2646 1166 2703 sciebat
1187 2645 1218 2703 in

172 2729 210 2787 30
227 2722 356 2781 Alsiensi
377 2742 458 2794 esse;
488 2725 585 2783 villam
606 2735 637 2784 ut
656 2727 852 2804 perspiceretl
883 2726 988 2783 millies
1008 2726 1038 2783 iu
1058 2726 1094 2783 ed
1115 2726 1218 2783 fuerat.

224 2801 309 2863 Quid
322 2822 392 2880 ergo
405 2804 488 2861 eratl
512 2823 593 2862 mora
612 2815 641 2863 et
661 2806 878 2884 tergiversatio:
900 2806 969 2863 dum
983 2805 1032 2863 hio
1045 2805 1165 2876 veniret,
1178 2805 1220 2863 lo-

226 2901 294 2939 oum
307 2883 469 2958 relinquere
482 2882 581 2941 noluit.
1142 2906 1148 2918 ·

265 2961 353 3020 XXI.
388 2962 454 3039 Age
474 2982 563 3034 nuno,
581 2963 635 3022 iter
655 2964 781 3042 expediti
800 2964 920 3023 latronis
940 2984 1007 3023 oum
1028 2963 1147 3022 Milonis
1167 2964 1220 3022 irn-

226 3041 399 3117 pedimeutis
412 3053 585 3119 comparate.
627 3045 747 3121 Semper
769 3044 818 3103 ille
843 3056 928 3103 antea
948 3063 1016 3102 oum
1030 3062 1135 3115 uxore;
1157 3054 1218 3101 tum

174 3127 210 3182 35
227 3121 290 3180 sine
310 3122 362 3180 ei:
389 3142 537 3199 nunquam
564 3143 621 3181 non
642 3123 673 3181 in
694 3124 801 3195 rhedi3
833 3135 895 3183 tum
915 3123 946 3181 in
966 3143 1048 3199 equo.
1090 3124 1219 3182 Comites

226 3202 365 3275 Graeeuli,
379 3201 553 3279 quocunque
568 3204 638 3275 ibat,
653 3205 741 3263 etiam
762 3201 831 3263 otim
851 3205 882 3262 in
903 3214 999 3261 cestra
1018 3203 1144 3261 Etrusca
1156 3222 1220 3280 pro-

226 3282 364 3356 perabat3
385 3292 448 3340 tum
469 3302 612 3359 nugarum
637 3284 667 3341 in
691 3285 830 3342 comitatu
853 3283 934 3342 nihil.
976 3282 1059 3354 Milo,
1077 3283 1127 3358 qui
1147 3302 1217 3341 nuu-

227 3376 324 3445 quam,
337 3370 399 3418 tum
420 3381 490 3419 casu
510 3381 614 3437 pueros
634 3362 853 3439 symphoniacos
867 3363 964 3421 uxoris
977 3363 1113 3434 duoebat,
1128 3372 1156 3420 et
1171 3382 1220 3419 un·

227 3435 359 3494 uillarum
373 3458 493 3515 greges:
515 3440 573 3511 ille,
587 3441 637 3516 qui
651 3460 763 3516 semper
777 3460 877 3498 seeum
891 3452 995 3512 soorta,
1005 3461 1117 3518 semper
1128 3441 1220 3499 exole-

175 3516 210 3570 40
226 3521 280 3583 tos,
294 3534 406 3590 semper
419 3517 501 3593 lupas
515 3518 644 3590 duceret,
658 3528 721 3575 tum
734 3518 890 3589 neminem,
905 3519 962 3575 nisi
976 3531 1008 3576 ut
1021 3522 1115 3578 virum
1129 3541 1146 3577 a
1159 3521 1221 3578 viro

227 3590 335 3649 leotum
348 3612 412 3651 esse
426 3596 547 3652 dioeres.
589 3597 650 3654 Cur
664 3597 752 3672 igitur
762 3597 856 3654 vietus
869 3598 933 3654 estl
954 3599 1094 3673 quianon
1107 3619 1219 3676 semper

227 3669 317 3728 viator
332 3691 349 3729 a
361 3671 482 3743 latrone,
496 3692 703 3749 nonnunquam
713 3675 801 3733 etiam
815 3676 888 3734 latro
902 3677 1047 3750 eviatore,
1058 3679 1218 3738 occiditur:

227 3749 307 3889 quiqi
319 3769 483 3841 quanquam
502 3762 619 3828 paratus
633 3753 663 3811 in
679 3754 832 3831 imparatos
852 3756 983 3830 Clodius,
998 3769 1095 3817 tamen
1116 3759 1217 3816 mulier

228 3849 287 3890 uror
308 3840 370 3889 eret
382 3850 412 3889 m
426 3851 508 3889 viros.
