<?xml version="1.0" encoding="UTF-8"?>
<!DOCTYPE html PUBLIC "-//W3C//DTD XHTML 1.0 Transitional//EN"
    "http://www.w3.org/TR/xhtml1/DTD/xhtml1-transitional.dtd">
<html xmlns="http://www.w3.org/1999/xhtml" xml:lang="en" lang="en">
 <head>
  <title>
</title>
<meta http-equiv="Content-Type" content="text/html;charset=utf-8" />
  <meta name='ocr-system' content='tesseract 3.04.00' />
  <meta name='ocr-capabilities' content='ocr_page ocr_carea ocr_par ocr_line ocrx_word'/>
</head>
<body>
  <div class='ocr_page' id='page_1' title='image "./orationesqudams02cicegoog/orationesqudams02cicegoog_0050.png"; bbox 0 0 2692 4484; ppageno 0'>
   <div class='ocr_carea' id='block_1_1' title="bbox 150 286 1192 967">
    <p class='ocr_par' dir='ltr' id='par_1_1' title="bbox 150 286 1192 967">
     <span class='ocr_line' id='line_1_1' title="bbox 380 286 1190 407; baseline -0.01 -7"><span class='ocrx_word' id='word_1_1' title='bbox 380 349 516 400; x_wconf 79' lang='lat' dir='ltr'>ORATIO</span> <span class='ocrx_word' id='word_1_2' title='bbox 533 349 608 398; x_wconf 76' lang='lat' dir='ltr'>PRO</span> <span class='ocrx_word' id='word_1_3' title='bbox 631 347 730 398; x_wconf 70' lang='lat' dir='ltr'><strong>LEGE}</strong></span> <span class='ocrx_word' id='word_1_4' title='bbox 743 286 921 396; x_wconf 50' lang='lat' dir='ltr'>iteum.</span> <span class='ocrx_word' id='word_1_5' title='bbox 1149 349 1190 407; x_wconf 68' lang='lat'>45</span> 
     </span>
     <span class='ocr_line' id='line_1_2' title="bbox 152 464 1138 574; baseline -0.009 -19"><span class='ocrx_word' id='word_1_6' title='bbox 152 517 249 574; x_wconf 89' lang='lat' dir='ltr'>reguo,</span> <span class='ocrx_word' id='word_1_7' title='bbox 271 464 354 571; x_wconf 62' lang='lat' dir='ltr'>atisue</span> <span class='ocrx_word' id='word_1_8' title='bbox 375 495 405 553; x_wconf 90' lang='lat' dir='ltr'>in</span> <span class='ocrx_word' id='word_1_9' title='bbox 425 493 526 552; x_wconf 87' lang='lat' dir='ltr'>vestris</span> <span class='ocrx_word' id='word_1_10' title='bbox 545 490 746 568; x_wconf 83' lang='lat' dir='ltr'>vectigalibus,</span> <span class='ocrx_word' id='word_1_11' title='bbox 767 491 821 547; x_wconf 90' lang='lat' dir='ltr'>hoc</span> <span class='ocrx_word' id='word_1_12' title='bbox 842 498 896 560; x_wconf 87' lang='lat' dir='ltr'>est,</span> <span class='ocrx_word' id='word_1_13' title='bbox 917 487 948 546; x_wconf 90' lang='lat' dir='ltr'>in</span> <span class='ocrx_word' id='word_1_14' title='bbox 963 487 1138 560; x_wconf 73' lang='lat' dir='ltr'>Asianos,</span> 
     </span>
     <span class='ocr_line' id='line_1_3' title="bbox 151 567 1139 644; baseline -0.009 -11"><span class='ocrx_word' id='word_1_15' title='bbox 151 576 264 633; x_wconf 86' lang='lat' dir='ltr'>versari.</span> <span class='ocrx_word' id='word_1_16' title='bbox 307 574 423 632; x_wconf 86' lang='lat' dir='ltr'><strong>Etenim</strong></span> <span class='ocrx_word' id='word_1_17' title='bbox 438 574 534 630; x_wconf 87' lang='lat' dir='ltr'>adhuc</span> <span class='ocrx_word' id='word_1_18' title='bbox 548 572 589 629; x_wconf 92' lang='lat' dir='ltr'>ita</span> <span class='ocrx_word' id='word_1_19' title='bbox 602 570 689 628; x_wconf 81' lang='lat' dir='ltr'>vestri</span> <span class='ocrx_word' id='word_1_20' title='bbox 703 587 770 626; x_wconf 91' lang='lat' dir='ltr'>curn</span> <span class='ocrx_word' id='word_1_21' title='bbox 784 569 833 627; x_wconf 86' lang='lat' dir='ltr'>illo</span> <span class='ocrx_word' id='word_1_22' title='bbox 845 587 914 644; x_wconf 89' lang='lat' dir='ltr'>rege</span> <span class='ocrx_word' id='word_1_23' title='bbox 928 567 1139 626; x_wconf 85' lang='lat' dir='ltr'>contenderunt</span> 
     </span>
     <span class='ocr_line' id='line_1_4' title="bbox 151 647 1140 731; baseline -0.01 -19"><span class='ocrx_word' id='word_1_24' title='bbox 151 653 343 731; x_wconf 77' lang='lat' dir='ltr'>imperatores,</span> <span class='ocrx_word' id='word_1_25' title='bbox 358 648 390 710; x_wconf 81' lang='lat' dir='ltr'>ut</span> <span class='ocrx_word' id='word_1_26' title='bbox 404 654 440 709; x_wconf 92' lang='lat' dir='ltr'>ab</span> <span class='ocrx_word' id='word_1_27' title='bbox 454 653 503 710; x_wconf 94' lang='lat' dir='ltr'>illo</span> <span class='ocrx_word' id='word_1_28' title='bbox 516 648 642 726; x_wconf 87' lang='lat' dir='ltr'>insignia</span> <span class='ocrx_word' id='word_1_29' title='bbox 655 647 791 718; x_wconf 74' lang='lat' dir='ltr'>victoria,</span> <span class='ocrx_word' id='word_1_30' title='bbox 802 667 859 706; x_wconf 91' lang='lat' dir='ltr'>non</span> <span class='ocrx_word' id='word_1_31' title='bbox 873 647 1033 717; x_wconf 85' lang='lat' dir='ltr'>victoriam,</span> <span class='ocrx_word' id='word_1_32' title='bbox 1047 664 1140 722; x_wconf 88' lang='lat' dir='ltr'>repor-</span> 
     </span>
     <span class='ocr_line' id='line_1_5' title="bbox 151 724 1140 808; baseline -0.01 -17"><span class='ocrx_word' id='word_1_33' title='bbox 151 742 251 791; x_wconf 88' lang='lat' dir='ltr'>tarent.</span> <span class='ocrx_word' id='word_1_34' title='bbox 293 731 475 808; x_wconf 87' lang='lat' dir='ltr'>Trimphavit</span> <span class='ocrx_word' id='word_1_35' title='bbox 503 729 537 786; x_wconf 92' lang='lat' dir='ltr'>L.</span> <span class='ocrx_word' id='word_1_36' title='bbox 559 727 651 797; x_wconf 87' lang='lat' dir='ltr'>Sulla,</span> <span class='ocrx_word' id='word_1_37' title='bbox 672 726 856 802; x_wconf 83' lang='lat' dir='ltr'>triumphavit</span> <span class='ocrx_word' id='word_1_38' title='bbox 884 724 918 783; x_wconf 90' lang='lat' dir='ltr'>L.</span> <span class='ocrx_word' id='word_1_39' title='bbox 946 724 1074 782; x_wconf 89' lang='lat' dir='ltr'>Murena</span> <span class='ocrx_word' id='word_1_40' title='bbox 1103 724 1140 782; x_wconf 91' lang='lat' dir='ltr'>de</span> 
     </span>
     <span class='ocr_line' id='line_1_6' title="bbox 150 803 1192 882; baseline -0.01 -13"><span class='ocrx_word' id='word_1_41' title='bbox 150 811 329 882; x_wconf 78' lang='lat' dir='ltr'>Mithridate,</span> <span class='ocrx_word' id='word_1_42' title='bbox 344 811 402 867; x_wconf 90' lang='lat' dir='ltr'>duo</span> <span class='ocrx_word' id='word_1_43' title='bbox 416 807 561 868; x_wconf 88' lang='lat' dir='ltr'>fortissimi</span> <span class='ocrx_word' id='word_1_44' title='bbox 575 805 638 875; x_wconf 88' lang='lat' dir='ltr'>viri,</span> <span class='ocrx_word' id='word_1_45' title='bbox 652 814 682 862; x_wconf 88' lang='lat' dir='ltr'>et</span> <span class='ocrx_word' id='word_1_46' title='bbox 695 805 799 861; x_wconf 86' lang='lat' dir='ltr'>summi</span> <span class='ocrx_word' id='word_1_47' title='bbox 813 804 1013 880; x_wconf 84' lang='lat' dir='ltr'>imperatores:</span> <span class='ocrx_word' id='word_1_48' title='bbox 1033 804 1085 861; x_wconf 87' lang='lat' dir='ltr'>sed</span> <span class='ocrx_word' id='word_1_49' title='bbox 1099 803 1140 860; x_wconf 87' lang='lat' dir='ltr'>ita</span> <span class='ocrx_word' id='word_1_50' title='bbox 1174 808 1192 859; x_wconf 87' lang='lat'><strong>5</strong></span> 
     </span>
     <span class='ocr_line' id='line_1_7' title="bbox 150 882 1140 967; baseline -0.009 -19"><span class='ocrx_word' id='word_1_51' title='bbox 150 891 372 967; x_wconf 73' lang='lat' dir='ltr'>triumpharunt,</span> <span class='ocrx_word' id='word_1_52' title='bbox 386 898 418 945; x_wconf 92' lang='lat' dir='ltr'>ut</span> <span class='ocrx_word' id='word_1_53' title='bbox 438 888 487 945; x_wconf 90' lang='lat' dir='ltr'>ille</span> <span class='ocrx_word' id='word_1_54' title='bbox 506 885 605 961; x_wconf 90' lang='lat' dir='ltr'>pulsus</span> <span class='ocrx_word' id='word_1_55' title='bbox 625 892 985 959; x_wconf 82' lang='lat' dir='ltr'>superatasqueregnaret.</span> <span class='ocrx_word' id='word_1_56' title='bbox 1026 882 1140 940; x_wconf 86' lang='lat' dir='ltr'>Verun-</span> 
     </span>
    </p>
   </div>
   <div class='ocr_carea' id='block_1_2' title="bbox 150 958 1140 1121">
    <p class='ocr_par' dir='ltr' id='par_1_2' title="bbox 150 958 1140 1121">
     <span class='ocr_line' id='line_1_8' title="bbox 150 958 1138 1047; baseline -0.008 -20"><span class='ocrx_word' id='word_1_57' title='bbox 150 979 247 1047; x_wconf 79' lang='lat' dir='ltr'>tamen</span> <span class='ocrx_word' id='word_1_58' title='bbox 268 970 324 1026; x_wconf 88' lang='lat' dir='ltr'>illis</span> <span class='ocrx_word' id='word_1_59' title='bbox 344 966 563 1044; x_wconf 76' lang='lat' dir='ltr'>imperatoribus</span> <span class='ocrx_word' id='word_1_60' title='bbox 582 963 645 1019; x_wconf 88' lang='lat' dir='ltr'>laus</span> <span class='ocrx_word' id='word_1_61' title='bbox 665 972 709 1019; x_wconf 86' lang='lat' dir='ltr'>est</span> <span class='ocrx_word' id='word_1_62' title='bbox 728 961 890 1031; x_wconf 87' lang='lat' dir='ltr'>tribuenda,</span> <span class='ocrx_word' id='word_1_63' title='bbox 904 958 980 1036; x_wconf 74' lang='lat' dir='ltr'>dudd</span> <span class='ocrx_word' id='word_1_64' title='bbox 1000 971 1138 1037; x_wconf 79' lang='lat' dir='ltr'>egerunt3</span> 
     </span>
     <span class='ocr_line' id='line_1_9' title="bbox 151 1037 1140 1121; baseline -0.008 -15"><span class='ocrx_word' id='word_1_65' title='bbox 151 1049 236 1106; x_wconf 87' lang='lat' dir='ltr'>venia</span> <span class='ocrx_word' id='word_1_66' title='bbox 255 1048 362 1117; x_wconf 90' lang='lat' dir='ltr'>danda,</span> <span class='ocrx_word' id='word_1_67' title='bbox 376 1043 454 1121; x_wconf 77' lang='lat' dir='ltr'>quod</span> <span class='ocrx_word' id='word_1_68' title='bbox 474 1043 668 1117; x_wconf 90' lang='lat' dir='ltr'>reliquerunt;</span> <span class='ocrx_word' id='word_1_69' title='bbox 688 1049 837 1116; x_wconf 90' lang='lat' dir='ltr'>propterea</span> <span class='ocrx_word' id='word_1_70' title='bbox 855 1037 933 1114; x_wconf 85' lang='lat' dir='ltr'>qudd</span> <span class='ocrx_word' id='word_1_71' title='bbox 953 1040 990 1096; x_wconf 86' lang='lat' dir='ltr'>ab</span> <span class='ocrx_word' id='word_1_72' title='bbox 1009 1059 1044 1097; x_wconf 94' lang='lat' dir='ltr'>eo</span> <span class='ocrx_word' id='word_1_73' title='bbox 1064 1040 1140 1098; x_wconf 90' lang='lat' dir='ltr'>bello</span> 
     </span>
    </p>
   </div>
   <div class='ocr_carea' id='block_1_3' title="bbox 57 1118 1065 1196">
    <p class='ocr_par' dir='ltr' id='par_1_3' title="bbox 57 1118 1065 1196">
     <span class='ocr_line' id='line_1_10' title="bbox 57 1118 1065 1196; baseline -0.01 -11"><span class='ocrx_word' id='word_1_74' title='bbox 57 1148 61 1155; x_wconf 83' lang='lat'><strong>·</strong></span> <span class='ocrx_word' id='word_1_75' title='bbox 152 1128 265 1184; x_wconf 87' lang='lat' dir='ltr'><strong>Sullam</strong></span> <span class='ocrx_word' id='word_1_76' title='bbox 279 1127 309 1183; x_wconf 91' lang='lat' dir='ltr'>in</span> <span class='ocrx_word' id='word_1_77' title='bbox 325 1125 440 1181; x_wconf 88' lang='lat' dir='ltr'>Italiam</span> <span class='ocrx_word' id='word_1_78' title='bbox 455 1120 625 1196; x_wconf 82' lang='lat' dir='ltr'>respublica,</span> <span class='ocrx_word' id='word_1_79' title='bbox 640 1118 793 1177; x_wconf 89' lang='lat' dir='ltr'>Murenam</span> <span class='ocrx_word' id='word_1_80' title='bbox 809 1118 900 1189; x_wconf 87' lang='lat' dir='ltr'>Sulla,</span> <span class='ocrx_word' id='word_1_81' title='bbox 914 1118 1065 1177; x_wconf 82' lang='lat' dir='ltr'>revocavit.</span> 
     </span>
    </p>
   </div>
   <div class='ocr_carea' id='block_1_4' title="bbox 79 1180 1315 3474">
    <p class='ocr_par' dir='ltr' id='par_1_4' title="bbox 134 1180 1190 1272">
     <span class='ocr_line' id='line_1_11' title="bbox 134 1180 1190 1272; baseline -0.014 -10"><span class='ocrx_word' id='word_1_82' title='bbox 134 1180 174 1262; x_wconf 54' lang='lat'>⁴.-</span> <span class='ocrx_word' id='word_1_83' title='bbox 192 1204 246 1262; x_wconf 85' lang='lat' dir='ltr'>lv.</span> <span class='ocrx_word' id='word_1_84' title='bbox 288 1202 474 1260; x_wconf 81' lang='lat' dir='ltr'>Mithridates</span> <span class='ocrx_word' id='word_1_85' title='bbox 501 1208 596 1256; x_wconf 89' lang='lat' dir='ltr'>autem</span> <span class='ocrx_word' id='word_1_86' title='bbox 614 1217 701 1256; x_wconf 88' lang='lat' dir='ltr'>omne</span> <span class='ocrx_word' id='word_1_87' title='bbox 720 1197 862 1272; x_wconf 89' lang='lat' dir='ltr'>reliquum</span> <span class='ocrx_word' id='word_1_88' title='bbox 881 1206 1003 1272; x_wconf 88' lang='lat' dir='ltr'>tempus,</span> <span class='ocrx_word' id='word_1_89' title='bbox 1020 1216 1081 1257; x_wconf 65' lang='lat' dir='ltr'>¹non</span> <span class='ocrx_word' id='word_1_90' title='bbox 1102 1197 1139 1253; x_wconf 93' lang='lat' dir='ltr'>ad</span> <span class='ocrx_word' id='word_1_91' title='bbox 1157 1196 1190 1249; x_wconf 88' lang='lat'>10</span> 
     </span>
    </p>

    <p class='ocr_par' dir='ltr' id='par_1_5' title="bbox 153 1275 1138 1352">
     <span class='ocr_line' id='line_1_12' title="bbox 153 1275 1138 1352; baseline -0.009 -11"><span class='ocrx_word' id='word_1_92' title='bbox 153 1284 326 1341; x_wconf 89' lang='lat' dir='ltr'>oblivionem</span> <span class='ocrx_word' id='word_1_93' title='bbox 336 1276 441 1338; x_wconf 76' lang='lat' dir='ltr'>ve&#39;teris</span> <span class='ocrx_word' id='word_1_94' title='bbox 454 1278 530 1348; x_wconf 91' lang='lat' dir='ltr'>belli,</span> <span class='ocrx_word' id='word_1_95' title='bbox 544 1277 595 1334; x_wconf 84' lang='lat' dir='ltr'>sed</span> <span class='ocrx_word' id='word_1_96' title='bbox 610 1277 646 1334; x_wconf 90' lang='lat' dir='ltr'>ad</span> <span class='ocrx_word' id='word_1_97' title='bbox 660 1275 902 1352; x_wconf 80' lang='lat' dir='ltr'>comparationem</span> <span class='ocrx_word' id='word_1_98' title='bbox 914 1276 989 1346; x_wconf 83' lang='lat' dir='ltr'>novi,</span> <span class='ocrx_word' id='word_1_99' title='bbox 1001 1276 1138 1333; x_wconf 79' lang='lat' dir='ltr'>contulit:</span> 
     </span>
    </p>

    <p class='ocr_par' dir='ltr' id='par_1_6' title="bbox 155 1354 1140 1436">
     <span class='ocr_line' id='line_1_13' title="bbox 155 1354 1140 1436; baseline -0.006 -19"><span class='ocrx_word' id='word_1_100' title='bbox 155 1361 205 1436; x_wconf 89' lang='lat' dir='ltr'>qui</span> <span class='ocrx_word' id='word_1_101' title='bbox 218 1370 401 1436; x_wconf 87' lang='lat' dir='ltr'>posteaquam</span> <span class='ocrx_word' id='word_1_102' title='bbox 415 1357 552 1417; x_wconf 82' lang='lat' dir='ltr'>maximas</span> <span class='ocrx_word' id='word_1_103' title='bbox 566 1355 737 1414; x_wconf 69' lang='lat' dir='ltr'>edificasset</span> <span class='ocrx_word' id='word_1_104' title='bbox 749 1354 934 1429; x_wconf 66' lang='lat' dir='ltr'>ornassetque</span> <span class='ocrx_word' id='word_1_105' title='bbox 948 1354 1072 1423; x_wconf 87' lang='lat' dir='ltr'>classes;</span> <span class='ocrx_word' id='word_1_106' title='bbox 1093 1373 1140 1411; x_wconf 81' lang='lat' dir='ltr'>ex·</span> 
     </span>
    </p>

    <p class='ocr_par' dir='ltr' id='par_1_7' title="bbox 155 1428 1138 1514">
     <span class='ocr_line' id='line_1_14' title="bbox 155 1428 1138 1514; baseline -0.007 -18"><span class='ocrx_word' id='word_1_107' title='bbox 155 1439 319 1513; x_wconf 87' lang='lat' dir='ltr'>ercitusquc</span> <span class='ocrx_word' id='word_1_108' title='bbox 344 1455 521 1514; x_wconf 83' lang='lat' dir='ltr'>permagnos,</span> <span class='ocrx_word' id='word_1_109' title='bbox 542 1428 762 1510; x_wconf 76' lang='lat' dir='ltr'>quibuscunque</span> <span class='ocrx_word' id='word_1_110' title='bbox 783 1433 973 1508; x_wconf 84' lang='lat' dir='ltr'>exgentibus</span> <span class='ocrx_word' id='word_1_111' title='bbox 991 1434 1138 1510; x_wconf 84' lang='lat' dir='ltr'>potuisset,</span> 
     </span>
    </p>

    <p class='ocr_par' dir='ltr' id='par_1_8' title="bbox 154 1511 1140 1592">
     <span class='ocr_line' id='line_1_15' title="bbox 154 1511 1140 1592; baseline -0.006 -17"><span class='ocrx_word' id='word_1_112' title='bbox 154 1518 356 1592; x_wconf 73' lang='lat' dir='ltr'>comparasset,</span> <span class='ocrx_word' id='word_1_113' title='bbox 373 1525 401 1573; x_wconf 94' lang='lat' dir='ltr'>et</span> <span class='ocrx_word' id='word_1_114' title='bbox 420 1534 452 1572; x_wconf 88' lang='lat' dir='ltr'>se</span> <span class='ocrx_word' id='word_1_115' title='bbox 472 1513 653 1590; x_wconf 88' lang='lat' dir='ltr'>Bosporanis,</span> <span class='ocrx_word' id='word_1_116' title='bbox 668 1512 798 1570; x_wconf 88' lang='lat' dir='ltr'>finitimis</span> <span class='ocrx_word' id='word_1_117' title='bbox 818 1512 887 1581; x_wconf 89' lang='lat' dir='ltr'>suis,</span> <span class='ocrx_word' id='word_1_118' title='bbox 908 1512 1014 1569; x_wconf 88' lang='lat' dir='ltr'>bellurn</span> <span class='ocrx_word' id='word_1_119' title='bbox 1035 1511 1140 1569; x_wconf 81' lang='lat' dir='ltr'>inferre</span> 
     </span>
    </p>

    <p class='ocr_par' dir='ltr' id='par_1_9' title="bbox 153 1583 1192 1669">
     <span class='ocr_line' id='line_1_16' title="bbox 153 1583 1192 1669; baseline -0.005 -18"><span class='ocrx_word' id='word_1_120' title='bbox 153 1595 330 1664; x_wconf 58' lang='lat' dir='ltr'>simulassem</span> <span class='ocrx_word' id='word_1_121' title='bbox 352 1612 442 1669; x_wconf 89' lang='lat' dir='ltr'>usque</span> <span class='ocrx_word' id='word_1_122' title='bbox 463 1594 493 1651; x_wconf 93' lang='lat' dir='ltr'>in</span> <span class='ocrx_word' id='word_1_123' title='bbox 514 1593 687 1669; x_wconf 88' lang='lat' dir='ltr'>Hispaniam</span> <span class='ocrx_word' id='word_1_124' title='bbox 707 1592 817 1667; x_wconf 85' lang='lat' dir='ltr'>legatos</span> <span class='ocrx_word' id='word_1_125' title='bbox 837 1589 996 1647; x_wconf 75' lang='lat' dir='ltr'>Ecbatanis</span> <span class='ocrx_word' id='word_1_126' title='bbox 1013 1590 1091 1647; x_wconf 86' lang='lat' dir='ltr'>misit</span> <span class='ocrx_word' id='word_1_127' title='bbox 1104 1590 1141 1647; x_wconf 87' lang='lat' dir='ltr'>ad</span> <span class='ocrx_word' id='word_1_128' title='bbox 1159 1583 1192 1636; x_wconf 83' lang='lat'>15</span> 
     </span>
    </p>

    <p class='ocr_par' dir='ltr' id='par_1_10' title="bbox 153 1666 1141 1748">
     <span class='ocr_line' id='line_1_17' title="bbox 153 1666 1141 1748; baseline -0.005 -17"><span class='ocrx_word' id='word_1_129' title='bbox 153 1693 202 1731; x_wconf 88' lang='lat' dir='ltr'>eos</span> <span class='ocrx_word' id='word_1_130' title='bbox 215 1674 313 1743; x_wconf 90' lang='lat' dir='ltr'>duces,</span> <span class='ocrx_word' id='word_1_131' title='bbox 328 1673 500 1748; x_wconf 88' lang='lat' dir='ltr'>quibuscum</span> <span class='ocrx_word' id='word_1_132' title='bbox 521 1683 593 1729; x_wconf 57' lang='lat' dir='ltr'>tum„</span> <span class='ocrx_word' id='word_1_133' title='bbox 604 1671 712 1727; x_wconf 89' lang='lat' dir='ltr'>bellum</span> <span class='ocrx_word' id='word_1_134' title='bbox 725 1669 914 1745; x_wconf 84' lang='lat' dir='ltr'>gerebamus:</span> <span class='ocrx_word' id='word_1_135' title='bbox 935 1678 977 1738; x_wconf 92' lang='lat' dir='ltr'>ut,</span> <span class='ocrx_word' id='word_1_136' title='bbox 992 1666 1060 1725; x_wconf 80' lang='lat' dir='ltr'>edm</span> <span class='ocrx_word' id='word_1_137' title='bbox 1073 1668 1141 1726; x_wconf 87' lang='lat' dir='ltr'>duo·</span> 
     </span>
    </p>

    <p class='ocr_par' dir='ltr' id='par_1_11' title="bbox 127 1747 1247 1969">
     <span class='ocr_line' id='line_1_18' title="bbox 152 1747 1247 1827; baseline -0.01 -18"><span class='ocrx_word' id='word_1_138' title='bbox 152 1753 206 1809; x_wconf 93' lang='lat' dir='ltr'>bus</span> <span class='ocrx_word' id='word_1_139' title='bbox 227 1752 256 1809; x_wconf 90' lang='lat' dir='ltr'>in</span> <span class='ocrx_word' id='word_1_140' title='bbox 276 1752 348 1810; x_wconf 90' lang='lat' dir='ltr'>locis</span> <span class='ocrx_word' id='word_1_141' title='bbox 370 1750 604 1827; x_wconf 86' lang='lat' dir='ltr'>disjunctissimis</span> <span class='ocrx_word' id='word_1_142' title='bbox 633 1747 817 1823; x_wconf 74' lang='lat' dir='ltr'>maximeque</span> <span class='ocrx_word' id='word_1_143' title='bbox 847 1747 976 1818; x_wconf 87' lang='lat' dir='ltr'>diversis,</span> <span class='ocrx_word' id='word_1_144' title='bbox 997 1765 1055 1804; x_wconf 91' lang='lat' dir='ltr'>uno</span> <span class='ocrx_word' id='word_1_145' title='bbox 1075 1765 1141 1804; x_wconf 88' lang='lat' dir='ltr'>oon·</span> <span class='ocrx_word' id='word_1_146' title='bbox 1243 1778 1247 1785; x_wconf 45' lang='grc' dir='ltr'>ι</span> 
     </span>
     <span class='ocr_line' id='line_1_19' title="bbox 127 1822 1139 1969; baseline -0.001 -87"><span class='ocrx_word' id='word_1_147' title='bbox 127 1878 130 1882; x_wconf 91' lang='grc'>.</span> <span class='ocrx_word' id='word_1_148' title='bbox 152 1831 259 1918; x_wconf 48' lang='lat' dir='ltr'>⁸15⁰st</span> <span class='ocrx_word' id='word_1_149' title='bbox 272 1831 456 1969; x_wconf 50' lang='lat' dir='ltr'>bmp‘sohostiu</span> <span class='ocrx_word' id='word_1_150' title='bbox 506 1822 725 1905; x_wconf 70' lang='lat' dir='ltr'>copiisltellum</span> <span class='ocrx_word' id='word_1_151' title='bbox 737 1825 827 1903; x_wconf 68' lang='lat' dir='ltr'>»terra¹</span> <span class='ocrx_word' id='word_1_152' title='bbox 841 1824 970 1900; x_wconf 66' lang='lat' dir='ltr'>maricae</span> <span class='ocrx_word' id='word_1_153' title='bbox 983 1835 1139 1907; x_wconf 81' lang='lat' dir='ltr'>gereretur,</span> 
     </span>
    </p>

    <p class='ocr_par' dir='ltr' id='par_1_12' title="bbox 79 1892 1265 2044">
     <span class='ocr_line' id='line_1_20' title="bbox 79 1892 1265 2044; baseline -0.003 -79"><span class='ocrx_word' id='word_1_154' title='bbox 79 1916 92 1931; x_wconf 89' lang='grc'>·’</span> <span class='ocrx_word' id='word_1_155' title='bbox 153 1929 211 1980; x_wconf 88' lang='lat' dir='ltr'>vos,</span> <span class='ocrx_word' id='word_1_156' title='bbox 226 1892 322 2044; x_wconf 50' lang='lat' dir='ltr'>aplp&#39;ffi</span> <span class='ocrx_word' id='word_1_157' title='bbox 357 1900 463 1967; x_wconf 83' lang='lat' dir='ltr'>con&#39;ten</span> <span class='ocrx_word' id='word_1_158' title='bbox 486 1900 547 1966; x_wconf 69' lang='lat' dir='ltr'>on&#39;e</span> <span class='ocrx_word' id='word_1_159' title='bbox 556 1905 689 1976; x_wconf 88' lang='lat' dir='ltr'>districti,</span> <span class='ocrx_word' id='word_1_160' title='bbox 704 1905 741 1963; x_wconf 86' lang='lat' dir='ltr'>de</span> <span class='ocrx_word' id='word_1_161' title='bbox 755 1904 875 1980; x_wconf 86' lang='lat' dir='ltr'>imperio</span> <span class='ocrx_word' id='word_1_162' title='bbox 886 1904 1071 1962; x_wconf 70' lang='lat' dir='ltr'>danieatetis.</span> <span class='ocrx_word' id='word_1_163' title='bbox 1258 1959 1265 1970; x_wconf 77' lang='grc'>,</span> 
     </span>
    </p>

    <p class='ocr_par' dir='ltr' id='par_1_13' title="bbox 148 1981 1194 2062">
     <span class='ocr_line' id='line_1_21' title="bbox 148 1981 1194 2062; baseline -0.002 -17"><span class='ocrx_word' id='word_1_164' title='bbox 148 2012 166 2029; x_wconf 83' lang='lat'>··</span> <span class='ocrx_word' id='word_1_165' title='bbox 192 1989 232 2045; x_wconf 88' lang='lat' dir='ltr'>Se</span> <span class='ocrx_word' id='word_1_166' title='bbox 324 2007 361 2055; x_wconf 80' lang='lat' dir='ltr'>en</span> <span class='ocrx_word' id='word_1_167' title='bbox 375 1988 493 2047; x_wconf 86' lang='lat' dir='ltr'>alterius</span> <span class='ocrx_word' id='word_1_168' title='bbox 504 1987 594 2062; x_wconf 89' lang='lat' dir='ltr'>partis</span> <span class='ocrx_word' id='word_1_169' title='bbox 606 1985 777 2062; x_wconf 88' lang='lat' dir='ltr'>periculum,</span> <span class='ocrx_word' id='word_1_170' title='bbox 790 1983 961 2061; x_wconf 77' lang='lat' dir='ltr'>Sertorianae</span> <span class='ocrx_word' id='word_1_171' title='bbox 976 1993 1061 2058; x_wconf 83' lang='lat' dir='ltr'>atque</span> <span class='ocrx_word' id='word_1_172' title='bbox 1075 1981 1143 2039; x_wconf 86' lang='lat' dir='ltr'>His·</span> <span class='ocrx_word' id='word_1_173' title='bbox 1158 1987 1194 2043; x_wconf 71' lang='lat'>20</span> 
     </span>
    </p>

    <p class='ocr_par' dir='ltr' id='par_1_14' title="bbox 153 2060 1225 2141">
     <span class='ocr_line' id='line_1_22' title="bbox 153 2060 1173 2141; baseline -0.006 -17"><span class='ocrx_word' id='word_1_174' title='bbox 153 2066 309 2141; x_wconf 89' lang='lat' dir='ltr'>paniensis,</span> <span class='ocrx_word' id='word_1_175' title='bbox 329 2084 394 2140; x_wconf 69' lang='lat' dir='ltr'>qua</span> <span class='ocrx_word' id='word_1_176' title='bbox 413 2064 504 2122; x_wconf 79' lang='lat' dir='ltr'>multd</span> <span class='ocrx_word' id='word_1_177' title='bbox 523 2065 588 2140; x_wconf 90' lang='lat' dir='ltr'>plus</span> <span class='ocrx_word' id='word_1_178' title='bbox 614 2063 787 2121; x_wconf 87' lang='lat' dir='ltr'>firmamenti</span> <span class='ocrx_word' id='word_1_179' title='bbox 816 2080 851 2119; x_wconf 86' lang='lat' dir='ltr'>ac</span> <span class='ocrx_word' id='word_1_180' title='bbox 877 2061 988 2118; x_wconf 89' lang='lat' dir='ltr'>roboris</span> <span class='ocrx_word' id='word_1_181' title='bbox 1006 2060 1142 2132; x_wconf 90' lang='lat' dir='ltr'>habebat,</span> <span class='ocrx_word' id='word_1_182' title='bbox 1169 2128 1173 2133; x_wconf 29' lang='grc' dir='ltr'>Ι</span> 
     </span>
    </p>

    <p class='ocr_par' dir='ltr' id='par_1_15' title="bbox 154 2118 1221 2218">
     <span class='ocr_line' id='line_1_23' title="bbox 154 2118 1221 2218; baseline -0.007 -17"><span class='ocrx_word' id='word_1_183' title='bbox 154 2144 209 2201; x_wconf 90' lang='lat' dir='ltr'>Cn.</span> <span class='ocrx_word' id='word_1_184' title='bbox 230 2143 360 2218; x_wconf 82' lang='lat' dir='ltr'>Pompeii</span> <span class='ocrx_word' id='word_1_185' title='bbox 380 2143 477 2200; x_wconf 88' lang='lat' dir='ltr'>divino</span> <span class='ocrx_word' id='word_1_186' title='bbox 503 2142 623 2200; x_wconf 89' lang='lat' dir='ltr'>consilio</span> <span class='ocrx_word' id='word_1_187' title='bbox 644 2160 679 2198; x_wconf 92' lang='lat' dir='ltr'>ac</span> <span class='ocrx_word' id='word_1_188' title='bbox 700 2140 840 2216; x_wconf 84' lang='lat' dir='ltr'>singulari</span> <span class='ocrx_word' id='word_1_189' title='bbox 861 2140 966 2196; x_wconf 83' lang='lat' dir='ltr'>virtute</span> <span class='ocrx_word' id='word_1_190' title='bbox 992 2118 1206 2217; x_wconf 39' lang='lat' dir='ltr'>depulsum&amp;</span> <span class='ocrx_word' id='word_1_191' title='bbox 1218 2130 1221 2143; x_wconf 84' lang='lat'>&#39;</span> 
     </span>
    </p>

    <p class='ocr_par' dir='ltr' id='par_1_16' title="bbox 154 2217 1144 2295">
     <span class='ocr_line' id='line_1_24' title="bbox 154 2217 1144 2295; baseline -0.004 -16"><span class='ocrx_word' id='word_1_192' title='bbox 154 2230 216 2279; x_wconf 77' lang='lat' dir='ltr'>estt</span> <span class='ocrx_word' id='word_1_193' title='bbox 239 2220 275 2277; x_wconf 90' lang='lat' dir='ltr'>-in</span> <span class='ocrx_word' id='word_1_194' title='bbox 296 2220 385 2276; x_wconf 70' lang='lat' dir='ltr'>altera</span> <span class='ocrx_word' id='word_1_195' title='bbox 405 2231 485 2295; x_wconf 89' lang='lat' dir='ltr'>parte</span> <span class='ocrx_word' id='word_1_196' title='bbox 506 2220 546 2276; x_wconf 88' lang='lat' dir='ltr'>ita</span> <span class='ocrx_word' id='word_1_197' title='bbox 566 2238 612 2277; x_wconf 89' lang='lat' dir='ltr'>res</span> <span class='ocrx_word' id='word_1_198' title='bbox 633 2238 649 2276; x_wconf 90' lang='lat' dir='ltr'>a</span> <span class='ocrx_word' id='word_1_199' title='bbox 668 2219 703 2276; x_wconf 71' lang='lat'>1..</span> <span class='ocrx_word' id='word_1_200' title='bbox 724 2219 857 2290; x_wconf 89' lang='lat' dir='ltr'>Lucullo,</span> <span class='ocrx_word' id='word_1_201' title='bbox 878 2235 991 2276; x_wconf 90' lang='lat' dir='ltr'>summo</span> <span class='ocrx_word' id='word_1_202' title='bbox 1010 2217 1080 2288; x_wconf 86' lang='lat' dir='ltr'>viro,</span> <span class='ocrx_word' id='word_1_203' title='bbox 1100 2227 1144 2275; x_wconf 86' lang='lat' dir='ltr'>est</span> 
     </span>
    </p>

    <p class='ocr_par' dir='ltr' id='par_1_17' title="bbox 156 2292 1143 2374">
     <span class='ocr_line' id='line_1_25' title="bbox 156 2292 1143 2374; baseline -0.001 -19"><span class='ocrx_word' id='word_1_204' title='bbox 156 2292 364 2367; x_wconf 89' lang='lat' dir='ltr'>administrata,</span> <span class='ocrx_word' id='word_1_205' title='bbox 378 2309 410 2354; x_wconf 88' lang='lat' dir='ltr'>at</span> <span class='ocrx_word' id='word_1_206' title='bbox 424 2297 507 2355; x_wconf 86' lang='lat' dir='ltr'>initia</span> <span class='ocrx_word' id='word_1_207' title='bbox 520 2298 570 2354; x_wconf 88' lang='lat' dir='ltr'>illa</span> <span class='ocrx_word' id='word_1_208' title='bbox 582 2308 727 2373; x_wconf 87' lang='lat' dir='ltr'>gestarum</span> <span class='ocrx_word' id='word_1_209' title='bbox 740 2316 836 2355; x_wconf 87' lang='lat' dir='ltr'>rerum</span> <span class='ocrx_word' id='word_1_210' title='bbox 850 2315 957 2374; x_wconf 83' lang='lat' dir='ltr'>magna</span> <span class='ocrx_word' id='word_1_211' title='bbox 977 2306 1062 2372; x_wconf 84' lang='lat' dir='ltr'>atque</span> <span class='ocrx_word' id='word_1_212' title='bbox 1074 2315 1143 2373; x_wconf 78' lang='lat' dir='ltr'>praa·</span> 
     </span>
    </p>

    <p class='ocr_par' dir='ltr' id='par_1_18' title="bbox 96 2375 1234 2450">
     <span class='ocr_line' id='line_1_26' title="bbox 96 2375 1234 2450; baseline 0.001 -16"><span class='ocrx_word' id='word_1_213' title='bbox 96 2418 99 2425; x_wconf 80' lang='lat'><em>·</em></span> <span class='ocrx_word' id='word_1_214' title='bbox 156 2377 244 2446; x_wconf 92' lang='lat' dir='ltr'>clara,</span> <span class='ocrx_word' id='word_1_215' title='bbox 265 2396 322 2434; x_wconf 90' lang='lat' dir='ltr'>non</span> <span class='ocrx_word' id='word_1_216' title='bbox 344 2376 474 2434; x_wconf 84' lang='lat' dir='ltr'>felicitati</span> <span class='ocrx_word' id='word_1_217' title='bbox 495 2375 567 2450; x_wconf 90' lang='lat' dir='ltr'>ejus,</span> <span class='ocrx_word' id='word_1_218' title='bbox 588 2376 638 2433; x_wconf 89' lang='lat' dir='ltr'>sed</span> <span class='ocrx_word' id='word_1_219' title='bbox 658 2375 774 2445; x_wconf 80' lang='lat' dir='ltr'>virtuti3</span> <span class='ocrx_word' id='word_1_220' title='bbox 803 2377 865 2434; x_wconf 73' lang='lat' dir='ltr'>lanc</span> <span class='ocrx_word' id='word_1_221' title='bbox 886 2386 983 2433; x_wconf 90' lang='lat' dir='ltr'>autem</span> <span class='ocrx_word' id='word_1_222' title='bbox 1003 2386 1140 2448; x_wconf 77' lang='lat' dir='ltr'>extrema,</span> <span class='ocrx_word' id='word_1_223' title='bbox 1158 2380 1194 2435; x_wconf 76' lang='lat'>25</span> <span class='ocrx_word' id='word_1_224' title='bbox 1231 2391 1234 2398; x_wconf 89' lang='lat'>&#39;</span> 
     </span>
    </p>

    <p class='ocr_par' dir='ltr' id='par_1_19' title="bbox 154 2454 1142 2530">
     <span class='ocr_line' id='line_1_27' title="bbox 154 2454 1142 2530; baseline 0.003 -20"><span class='ocrx_word' id='word_1_225' title='bbox 154 2473 218 2529; x_wconf 87' lang='lat' dir='ltr'>quae</span> <span class='ocrx_word' id='word_1_226' title='bbox 238 2474 328 2529; x_wconf 90' lang='lat' dir='ltr'>nuper</span> <span class='ocrx_word' id='word_1_227' title='bbox 356 2454 534 2523; x_wconf 89' lang='lat' dir='ltr'>acciderunt,</span> <span class='ocrx_word' id='word_1_228' title='bbox 555 2474 612 2512; x_wconf 89' lang='lat' dir='ltr'>non</span> <span class='ocrx_word' id='word_1_229' title='bbox 640 2454 742 2530; x_wconf 77' lang='lat' dir='ltr'>culpas,</span> <span class='ocrx_word' id='word_1_230' title='bbox 762 2454 814 2512; x_wconf 83' lang='lat' dir='ltr'>sed</span> <span class='ocrx_word' id='word_1_231' title='bbox 833 2455 963 2525; x_wconf 74' lang='lat' dir='ltr'>fortunae,</span> <span class='ocrx_word' id='word_1_232' title='bbox 987 2455 1142 2513; x_wconf 87' lang='lat' dir='ltr'>tribuenda</span> 
     </span>
    </p>

    <p class='ocr_par' dir='ltr' id='par_1_20' title="bbox 154 2532 1141 2601">
     <span class='ocr_line' id='line_1_28' title="bbox 154 2532 1141 2601; baseline 0 -11"><span class='ocrx_word' id='word_1_233' title='bbox 154 2552 217 2590; x_wconf 86' lang='lat' dir='ltr'>esse</span> <span class='ocrx_word' id='word_1_234' title='bbox 231 2532 389 2590; x_wconf 83' lang='lat' dir='ltr'>videantur.</span> <span class='ocrx_word' id='word_1_235' title='bbox 432 2532 491 2589; x_wconf 86' lang='lat' dir='ltr'>Sed</span> <span class='ocrx_word' id='word_1_236' title='bbox 511 2532 548 2590; x_wconf 91' lang='lat' dir='ltr'>de</span> <span class='ocrx_word' id='word_1_237' title='bbox 567 2532 692 2590; x_wconf 88' lang='lat' dir='ltr'>Lucullo</span> <span class='ocrx_word' id='word_1_238' title='bbox 711 2533 806 2591; x_wconf 89' lang='lat' dir='ltr'>dicam</span> <span class='ocrx_word' id='word_1_239' title='bbox 827 2533 883 2591; x_wconf 87' lang='lat' dir='ltr'>alio</span> <span class='ocrx_word' id='word_1_240' title='bbox 900 2533 982 2601; x_wconf 87' lang='lat' dir='ltr'>loco;</span> <span class='ocrx_word' id='word_1_241' title='bbox 1003 2543 1032 2590; x_wconf 87' lang='lat' dir='ltr'>et</span> <span class='ocrx_word' id='word_1_242' title='bbox 1046 2533 1087 2590; x_wconf 84' lang='lat' dir='ltr'>ita</span> <span class='ocrx_word' id='word_1_243' title='bbox 1099 2533 1141 2590; x_wconf 91' lang='lat' dir='ltr'>di·</span> 
     </span>
    </p>

    <p class='ocr_par' dir='ltr' id='par_1_21' title="bbox 154 2610 1140 2686">
     <span class='ocr_line' id='line_1_29' title="bbox 154 2610 1140 2686; baseline -0.001 -17"><span class='ocrx_word' id='word_1_244' title='bbox 154 2630 230 2682; x_wconf 83' lang='lat' dir='ltr'>cam,</span> <span class='ocrx_word' id='word_1_245' title='bbox 243 2611 385 2680; x_wconf 83' lang='lat' dir='ltr'>Quirites,</span> <span class='ocrx_word' id='word_1_246' title='bbox 400 2619 432 2667; x_wconf 92' lang='lat' dir='ltr'>ut</span> <span class='ocrx_word' id='word_1_247' title='bbox 445 2630 538 2686; x_wconf 87' lang='lat' dir='ltr'>neque</span> <span class='ocrx_word' id='word_1_248' title='bbox 552 2630 619 2668; x_wconf 81' lang='lat' dir='ltr'>vera</span> <span class='ocrx_word' id='word_1_249' title='bbox 632 2610 696 2668; x_wconf 89' lang='lat' dir='ltr'>laus</span> <span class='ocrx_word' id='word_1_250' title='bbox 710 2611 737 2668; x_wconf 89' lang='lat' dir='ltr'>ei</span> <span class='ocrx_word' id='word_1_251' title='bbox 751 2612 879 2668; x_wconf 87' lang='lat' dir='ltr'>detracta</span> <span class='ocrx_word' id='word_1_252' title='bbox 891 2612 1020 2670; x_wconf 87' lang='lat' dir='ltr'>oratione</span> <span class='ocrx_word' id='word_1_253' title='bbox 1033 2612 1140 2683; x_wconf 71' lang='lat' dir='ltr'>bosut,</span> 
     </span>
    </p>

    <p class='ocr_par' dir='ltr' id='par_1_22' title="bbox 153 2689 1141 2767">
     <span class='ocr_line' id='line_1_30' title="bbox 153 2689 1141 2767; baseline 0.001 -20"><span class='ocrx_word' id='word_1_254' title='bbox 153 2709 247 2765; x_wconf 88' lang='lat' dir='ltr'>neque</span> <span class='ocrx_word' id='word_1_255' title='bbox 262 2690 333 2747; x_wconf 88' lang='lat' dir='ltr'>falsa</span> <span class='ocrx_word' id='word_1_256' title='bbox 347 2689 453 2760; x_wconf 87' lang='lat' dir='ltr'>afficta,</span> <span class='ocrx_word' id='word_1_257' title='bbox 464 2709 528 2747; x_wconf 89' lang='lat' dir='ltr'>esse</span> <span class='ocrx_word' id='word_1_258' title='bbox 542 2690 681 2748; x_wconf 85' lang='lat' dir='ltr'>videatur.</span> <span class='ocrx_word' id='word_1_259' title='bbox 723 2689 769 2747; x_wconf 92' lang='lat' dir='ltr'>De</span> <span class='ocrx_word' id='word_1_260' title='bbox 779 2690 864 2748; x_wconf 83' lang='lat' dir='ltr'>vestri</span> <span class='ocrx_word' id='word_1_261' title='bbox 878 2690 990 2767; x_wconf 87' lang='lat' dir='ltr'>imperii</span> <span class='ocrx_word' id='word_1_262' title='bbox 1000 2690 1141 2766; x_wconf 81' lang='lat' dir='ltr'>dignitate</span> 
     </span>
    </p>

    <p class='ocr_par' dir='ltr' id='par_1_23' title="bbox 155 2746 1285 2924">
     <span class='ocr_line' id='line_1_31' title="bbox 155 2746 1285 2846; baseline 0.001 -21"><span class='ocrx_word' id='word_1_263' title='bbox 155 2777 240 2844; x_wconf 87' lang='lat' dir='ltr'>atque</span> <span class='ocrx_word' id='word_1_264' title='bbox 259 2768 360 2846; x_wconf 71' lang='lat' dir='ltr'>gloria,</span> <span class='ocrx_word' id='word_1_265' title='bbox 381 2768 516 2844; x_wconf 89' lang='lat' dir='ltr'>quoniam</span> <span class='ocrx_word' id='word_1_266' title='bbox 536 2769 561 2826; x_wconf 91' lang='lat' dir='ltr'>is</span> <span class='ocrx_word' id='word_1_267' title='bbox 581 2778 625 2826; x_wconf 86' lang='lat' dir='ltr'>est</span> <span class='ocrx_word' id='word_1_268' title='bbox 645 2746 917 2827; x_wconf 52' lang='lat' dir='ltr'>&amp;diffusionis</span> <span class='ocrx_word' id='word_1_269' title='bbox 931 2772 1018 2840; x_wconf 58' lang='lat' dir='ltr'>&#39;meaa</span> <span class='ocrx_word' id='word_1_270' title='bbox 1036 2770 1141 2841; x_wconf 86' lang='lat' dir='ltr'>videte,</span> <span class='ocrx_word' id='word_1_271' title='bbox 1158 2777 1193 2832; x_wconf 81' lang='lat'>30</span> <span class='ocrx_word' id='word_1_272' title='bbox 1283 2832 1285 2841; x_wconf 55' lang='grc'>,</span> 
     </span>
     <span class='ocr_line' id='line_1_32' title="bbox 173 2847 994 2924; baseline 0.002 -20"><span class='ocrx_word' id='word_1_273' title='bbox 173 2865 238 2905; x_wconf 92' lang='lat' dir='ltr'>uem</span> <span class='ocrx_word' id='word_1_274' title='bbox 252 2848 331 2905; x_wconf 86' lang='lat' dir='ltr'>vobis</span> <span class='ocrx_word' id='word_1_275' title='bbox 346 2848 472 2905; x_wconf 90' lang='lat' dir='ltr'>animum</span> <span class='ocrx_word' id='word_1_276' title='bbox 487 2847 702 2924; x_wconf 86' lang='lat' dir='ltr'>suscipiendum</span> <span class='ocrx_word' id='word_1_277' title='bbox 716 2848 830 2924; x_wconf 63' lang='lat' dir='ltr'>putetis,</span> <span class='ocrx_word' id='word_1_278' title='bbox 975 2914 994 2923; x_wconf 87' lang='lat'>..</span> 
     </span>
    </p>

    <p class='ocr_par' dir='ltr' id='par_1_24' title="bbox 146 2867 1143 3003">
     <span class='ocr_line' id='line_1_33' title="bbox 146 2867 1143 3003; baseline 0.002 -20"><span class='ocrx_word' id='word_1_279' title='bbox 146 2867 231 2983; x_wconf 48' lang='lat' dir='ltr'>LV.</span> <span class='ocrx_word' id='word_1_280' title='bbox 259 2925 386 3002; x_wconf 84' lang='lat' dir='ltr'>Majores</span> <span class='ocrx_word' id='word_1_281' title='bbox 406 2928 491 2985; x_wconf 84' lang='lat' dir='ltr'>vestri</span> <span class='ocrx_word' id='word_1_282' title='bbox 512 2946 597 3003; x_wconf 83' lang='lat' dir='ltr'>saepc,</span> <span class='ocrx_word' id='word_1_283' title='bbox 618 2924 826 2987; x_wconf 86' lang='lat' dir='ltr'>mercatoribus</span> <span class='ocrx_word' id='word_1_284' title='bbox 845 2945 880 2984; x_wconf 90' lang='lat' dir='ltr'>ac</span> <span class='ocrx_word' id='word_1_285' title='bbox 896 2918 1080 2987; x_wconf 76' lang='lat' dir='ltr'>naviculariis</span> <span class='ocrx_word' id='word_1_286' title='bbox 1100 2928 1143 2985; x_wconf 87' lang='lat' dir='ltr'>in-</span> 
     </span>
    </p>

    <p class='ocr_par' dir='ltr' id='par_1_25' title="bbox 151 3003 1142 3082">
     <span class='ocr_line' id='line_1_34' title="bbox 151 3003 1142 3082; baseline 0.002 -22"><span class='ocrx_word' id='word_1_287' title='bbox 151 3003 289 3079; x_wconf 72' lang='lat' dir='ltr'>juriosius</span> <span class='ocrx_word' id='word_1_288' title='bbox 308 3005 447 3075; x_wconf 89' lang='lat' dir='ltr'>tractatis,</span> <span class='ocrx_word' id='word_1_289' title='bbox 468 3005 544 3062; x_wconf 89' lang='lat' dir='ltr'>bella</span> <span class='ocrx_word' id='word_1_290' title='bbox 570 3016 721 3082; x_wconf 90' lang='lat' dir='ltr'>gesserunt</span> <span class='ocrx_word' id='word_1_291' title='bbox 733 3012 827 3075; x_wconf 75' lang='lat' dir='ltr'>zitas,</span> <span class='ocrx_word' id='word_1_292' title='bbox 848 3016 889 3064; x_wconf 84' lang='lat' dir='ltr'>tot</span> <span class='ocrx_word' id='word_1_293' title='bbox 909 3006 1014 3064; x_wconf 85' lang='lat' dir='ltr'>civium</span> <span class='ocrx_word' id='word_1_294' title='bbox 1035 3006 1142 3063; x_wconf 86' lang='lat' dir='ltr'>Roma·</span> 
     </span>
    </p>

    <p class='ocr_par' dir='ltr' id='par_1_26' title="bbox 154 3083 1253 3161">
     <span class='ocr_line' id='line_1_35' title="bbox 154 3083 1253 3161; baseline 0.002 -22"><span class='ocrx_word' id='word_1_295' title='bbox 154 3101 256 3140; x_wconf 90' lang='lat' dir='ltr'>norum</span> <span class='ocrx_word' id='word_1_296' title='bbox 276 3083 413 3154; x_wconf 90' lang='lat' dir='ltr'>millibus,</span> <span class='ocrx_word' id='word_1_297' title='bbox 427 3102 485 3141; x_wconf 90' lang='lat' dir='ltr'>uno</span> <span class='ocrx_word' id='word_1_298' title='bbox 504 3085 605 3142; x_wconf 89' lang='lat' dir='ltr'>nuntio</span> <span class='ocrx_word' id='word_1_299' title='bbox 625 3094 711 3160; x_wconf 90' lang='lat' dir='ltr'>atque</span> <span class='ocrx_word' id='word_1_300' title='bbox 730 3103 789 3142; x_wconf 90' lang='lat' dir='ltr'>uno</span> <span class='ocrx_word' id='word_1_301' title='bbox 802 3094 939 3161; x_wconf 87' lang='lat' dir='ltr'>tempore,</span> <span class='ocrx_word' id='word_1_302' title='bbox 952 3084 1073 3153; x_wconf 87' lang='lat' dir='ltr'>necatis,</span> <span class='ocrx_word' id='word_1_303' title='bbox 1087 3102 1143 3157; x_wconf 90' lang='lat' dir='ltr'>quo</span> <span class='ocrx_word' id='word_1_304' title='bbox 1166 3097 1175 3123; x_wconf 78' lang='lat'><strong><em>‘</em></strong></span> <span class='ocrx_word' id='word_1_305' title='bbox 1247 3138 1253 3147; x_wconf 82' lang='lat'>,</span> 
     </span>
    </p>

    <p class='ocr_par' dir='ltr' id='par_1_27' title="bbox 154 3138 1315 3239">
     <span class='ocr_line' id='line_1_36' title="bbox 154 3138 1315 3239; baseline -0.001 -22"><span class='ocrx_word' id='word_1_306' title='bbox 154 3161 272 3219; x_wconf 88' lang='lat' dir='ltr'>tandem</span> <span class='ocrx_word' id='word_1_307' title='bbox 293 3162 390 3220; x_wconf 87' lang='lat' dir='ltr'>animo</span> <span class='ocrx_word' id='word_1_308' title='bbox 402 3181 465 3218; x_wconf 85' lang='lat' dir='ltr'>esse</span> <span class='ocrx_word' id='word_1_309' title='bbox 479 3162 622 3220; x_wconf 85' lang='lat' dir='ltr'>debetisll</span> <span class='ocrx_word' id='word_1_310' title='bbox 643 3163 746 3239; x_wconf 83' lang='lat' dir='ltr'>Legati</span> <span class='ocrx_word' id='word_1_311' title='bbox 764 3162 843 3238; x_wconf 81' lang='lat' dir='ltr'>qudd</span> <span class='ocrx_word' id='word_1_312' title='bbox 856 3174 939 3220; x_wconf 88' lang='lat' dir='ltr'>erant</span> <span class='ocrx_word' id='word_1_313' title='bbox 953 3161 1084 3238; x_wconf 87' lang='lat' dir='ltr'>appellati</span> <span class='ocrx_word' id='word_1_314' title='bbox 1098 3148 1249 3217; x_wconf 48' lang='lat' dir='ltr'>samm</span> <span class='ocrx_word' id='word_1_315' title='bbox 1258 3138 1315 3195; x_wconf 46' lang='grc' dir='ltr'>ΛΑ</span> 
     </span>
    </p>

    <p class='ocr_par' dir='ltr' id='par_1_28' title="bbox 153 3238 1143 3317">
     <span class='ocr_line' id='line_1_37' title="bbox 153 3238 1143 3317; baseline 0.001 -21"><span class='ocrx_word' id='word_1_316' title='bbox 153 3238 281 3316; x_wconf 83' lang='lat' dir='ltr'>perbids‚</span> <span class='ocrx_word' id='word_1_317' title='bbox 303 3239 475 3298; x_wconf 89' lang='lat' dir='ltr'>Corinthum</span> <span class='ocrx_word' id='word_1_318' title='bbox 494 3249 589 3317; x_wconf 82' lang='lat' dir='ltr'>patres</span> <span class='ocrx_word' id='word_1_319' title='bbox 608 3242 705 3312; x_wconf 87' lang='lat' dir='ltr'>vestri,</span> <span class='ocrx_word' id='word_1_320' title='bbox 725 3243 813 3313; x_wconf 82' lang='lat' dir='ltr'>totius</span> <span class='ocrx_word' id='word_1_321' title='bbox 832 3241 955 3301; x_wconf 69' lang='lat' dir='ltr'>Gracia</span> <span class='ocrx_word' id='word_1_322' title='bbox 975 3241 1083 3310; x_wconf 90' lang='lat' dir='ltr'>lumen,</span> <span class='ocrx_word' id='word_1_323' title='bbox 1097 3256 1143 3297; x_wconf 83' lang='lat' dir='ltr'>ex·</span> 
     </span>
    </p>

    <p class='ocr_par' dir='ltr' id='par_1_29' title="bbox 80 3318 1142 3396">
     <span class='ocr_line' id='line_1_38' title="bbox 80 3318 1142 3396; baseline 0.003 -22"><span class='ocrx_word' id='word_1_324' title='bbox 80 3322 85 3329; x_wconf 87' lang='lat'>&#39;</span> <span class='ocrx_word' id='word_1_325' title='bbox 155 3320 292 3376; x_wconf 91' lang='lat' dir='ltr'>stinctum</span> <span class='ocrx_word' id='word_1_326' title='bbox 313 3338 377 3377; x_wconf 88' lang='lat' dir='ltr'>esse</span> <span class='ocrx_word' id='word_1_327' title='bbox 397 3318 562 3377; x_wconf 81' lang='lat' dir='ltr'>voluerunt:</span> <span class='ocrx_word' id='word_1_328' title='bbox 582 3339 713 3378; x_wconf 75' lang='lat' dir='ltr'>roseum</span> <span class='ocrx_word' id='word_1_329' title='bbox 730 3340 827 3396; x_wconf 88' lang='lat' dir='ltr'>regern</span> <span class='ocrx_word' id='word_1_330' title='bbox 843 3320 965 3385; x_wconf 81' lang='lat' dir='ltr'>inultum</span> <span class='ocrx_word' id='word_1_331' title='bbox 980 3338 1042 3376; x_wconf 86' lang='lat' dir='ltr'>esse</span> <span class='ocrx_word' id='word_1_332' title='bbox 1055 3319 1142 3395; x_wconf 90' lang='lat' dir='ltr'>patie-</span> 
     </span>
    </p>

    <p class='ocr_par' dir='ltr' id='par_1_30' title="bbox 154 3397 1142 3474">
     <span class='ocr_line' id='line_1_39' title="bbox 154 3397 1142 3474; baseline 0.004 -21"><span class='ocrx_word' id='word_1_333' title='bbox 154 3397 236 3468; x_wconf 87' lang='lat' dir='ltr'>mini,</span> <span class='ocrx_word' id='word_1_334' title='bbox 257 3397 306 3472; x_wconf 91' lang='lat' dir='ltr'>qui</span> <span class='ocrx_word' id='word_1_335' title='bbox 332 3397 460 3474; x_wconf 90' lang='lat' dir='ltr'>legatum</span> <span class='ocrx_word' id='word_1_336' title='bbox 479 3397 575 3474; x_wconf 88' lang='lat' dir='ltr'>populi</span> <span class='ocrx_word' id='word_1_337' title='bbox 602 3397 730 3457; x_wconf 88' lang='lat' dir='ltr'>Romani</span> <span class='ocrx_word' id='word_1_338' title='bbox 751 3400 941 3469; x_wconf 88' lang='lat' dir='ltr'>consularem,</span> <span class='ocrx_word' id='word_1_339' title='bbox 962 3398 1085 3456; x_wconf 84' lang='lat' dir='ltr'>vinculis</span> <span class='ocrx_word' id='word_1_340' title='bbox 1106 3418 1142 3457; x_wconf 88' lang='lat' dir='ltr'>ac</span> 
     </span>
    </p>
   </div>
   <div class='ocr_carea' id='block_1_5' title="bbox 154 3475 1192 3713">
    <p class='ocr_par' dir='ltr' id='par_1_31' title="bbox 154 3475 1192 3713">
     <span class='ocr_line' id='line_1_40' title="bbox 155 3475 1140 3553; baseline 0.003 -22"><span class='ocrx_word' id='word_1_341' title='bbox 155 3475 320 3532; x_wconf 87' lang='lat' dir='ltr'>verberibus</span> <span class='ocrx_word' id='word_1_342' title='bbox 341 3486 426 3552; x_wconf 87' lang='lat' dir='ltr'>atque</span> <span class='ocrx_word' id='word_1_343' title='bbox 445 3476 523 3534; x_wconf 90' lang='lat' dir='ltr'>omni</span> <span class='ocrx_word' id='word_1_344' title='bbox 543 3477 684 3553; x_wconf 89' lang='lat' dir='ltr'>supplicio</span> <span class='ocrx_word' id='word_1_345' title='bbox 738 3479 900 3535; x_wconf 86' lang='lat' dir='ltr'>cruciatum</span> <span class='ocrx_word' id='word_1_346' title='bbox 931 3477 1065 3535; x_wconf 83' lang='lat' dir='ltr'>necavitl</span> <span class='ocrx_word' id='word_1_347' title='bbox 1094 3477 1140 3535; x_wconf 92' lang='lat' dir='ltr'>Illi</span> 
     </span>
     <span class='ocr_line' id='line_1_41' title="bbox 155 3496 1192 3615; baseline 0 -4"><span class='ocrx_word' id='word_1_348' title='bbox 155 3554 315 3612; x_wconf 86' lang='lat' dir='ltr'>libertatem</span> <span class='ocrx_word' id='word_1_349' title='bbox 328 3555 436 3613; x_wconf 89' lang='lat' dir='ltr'>civium</span> <span class='ocrx_word' id='word_1_350' title='bbox 450 3554 647 3614; x_wconf 87' lang='lat' dir='ltr'>Romanorum</span> <span class='ocrx_word' id='word_1_351' title='bbox 661 3496 919 3615; x_wconf 50' lang='lat' dir='ltr'>iffinmnr‘ntk</span> <span class='ocrx_word' id='word_1_352' title='bbox 926 3556 1071 3615; x_wconf 88' lang='lat' dir='ltr'>tulerunt:</span> <span class='ocrx_word' id='word_1_353' title='bbox 1092 3575 1141 3615; x_wconf 87' lang='lat' dir='ltr'>vos</span> <span class='ocrx_word' id='word_1_354' title='bbox 1157 3559 1192 3612; x_wconf 75' lang='lat'>40</span> 
     </span>
     <span class='ocr_line' id='line_1_42' title="bbox 154 3633 1141 3713; baseline 0.002 -24"><span class='ocrx_word' id='word_1_355' title='bbox 154 3633 240 3690; x_wconf 84' lang='lat' dir='ltr'>vitam</span> <span class='ocrx_word' id='word_1_356' title='bbox 255 3643 382 3710; x_wconf 87' lang='lat' dir='ltr'>ereptam</span> <span class='ocrx_word' id='word_1_357' title='bbox 395 3634 568 3711; x_wconf 88' lang='lat' dir='ltr'>negligetisl</span> <span class='ocrx_word' id='word_1_358' title='bbox 596 3635 615 3692; x_wconf 85' lang='lat' dir='ltr'><strong>J</strong></span> <span class='ocrx_word' id='word_1_359' title='bbox 617 3654 651 3692; x_wconf 90' lang='lat' dir='ltr'>us</span> <span class='ocrx_word' id='word_1_360' title='bbox 664 3635 825 3713; x_wconf 82' lang='lat' dir='ltr'>legationis,</span> <span class='ocrx_word' id='word_1_361' title='bbox 840 3637 926 3713; x_wconf 74' lang='lat' dir='ltr'>verbo</span> <span class='ocrx_word' id='word_1_362' title='bbox 939 3636 1084 3705; x_wconf 83' lang='lat' dir='ltr'>violatum,</span> <span class='ocrx_word' id='word_1_363' title='bbox 1099 3635 1141 3692; x_wconf 87' lang='lat' dir='ltr'>illi</span> 
     </span>
    </p>
   </div>
   <div class='ocr_carea' id='block_1_6' title="bbox 154 3713 1143 3872">
    <p class='ocr_par' dir='ltr' id='par_1_32' title="bbox 154 3713 1143 3872">
     <span class='ocr_line' id='line_1_43' title="bbox 154 3713 1143 3791; baseline -0.001 -23"><span class='ocrx_word' id='word_1_364' title='bbox 154 3713 296 3786; x_wconf 86' lang='lat' dir='ltr'>persecuti</span> <span class='ocrx_word' id='word_1_365' title='bbox 317 3723 400 3770; x_wconf 88' lang='lat' dir='ltr'>sunt:</span> <span class='ocrx_word' id='word_1_366' title='bbox 421 3732 470 3770; x_wconf 83' lang='lat' dir='ltr'>vos</span> <span class='ocrx_word' id='word_1_367' title='bbox 483 3714 620 3791; x_wconf 86' lang='lat' dir='ltr'>legatum,</span> <span class='ocrx_word' id='word_1_368' title='bbox 633 3715 711 3773; x_wconf 89' lang='lat' dir='ltr'>omni</span> <span class='ocrx_word' id='word_1_369' title='bbox 731 3715 872 3791; x_wconf 85' lang='lat' dir='ltr'>supplicio</span> <span class='ocrx_word' id='word_1_370' title='bbox 885 3714 1085 3780; x_wconf 74' lang='lat' dir='ltr'>interfectum,</span> <span class='ocrx_word' id='word_1_371' title='bbox 1100 3731 1143 3768; x_wconf 87' lang='lat' dir='ltr'>re·</span> 
     </span>
     <span class='ocr_line' id='line_1_44' title="bbox 155 3789 1143 3872; baseline -0.003 -26"><span class='ocrx_word' id='word_1_372' title='bbox 155 3789 309 3865; x_wconf 86' lang='lat' dir='ltr'>linquetisl</span> <span class='ocrx_word' id='word_1_373' title='bbox 349 3792 466 3865; x_wconf 87' lang='lat' dir='ltr'>Videte,</span> <span class='ocrx_word' id='word_1_374' title='bbox 486 3812 534 3865; x_wconf 88' lang='lat' dir='ltr'>ne,</span> <span class='ocrx_word' id='word_1_375' title='bbox 554 3804 587 3852; x_wconf 91' lang='lat' dir='ltr'>ut</span> <span class='ocrx_word' id='word_1_376' title='bbox 613 3794 669 3852; x_wconf 89' lang='lat' dir='ltr'>illis</span> <span class='ocrx_word' id='word_1_377' title='bbox 689 3795 914 3872; x_wconf 90' lang='lat' dir='ltr'>pulcherrimum</span> <span class='ocrx_word' id='word_1_378' title='bbox 941 3791 1006 3862; x_wconf 82' lang='lat' dir='ltr'>suit,</span> <span class='ocrx_word' id='word_1_379' title='bbox 1033 3800 1143 3848; x_wconf 87' lang='lat' dir='ltr'>tantam</span> 
     </span>
    </p>
   </div>
   <div class='ocr_carea' id='block_1_7' title="bbox 0 0 1350 4484">
    <p class='ocr_par' dir='ltr' id='par_1_33' title="bbox 0 0 1350 4484">
     <span class='ocr_line' id='line_1_45' title="bbox 0 0 1350 4484; baseline 0 0"><span class='ocrx_word' id='word_1_380' title='bbox 0 0 1350 4484; x_wconf 95' lang='lat' dir='ltr'> </span> 
     </span>
    </p>
   </div>
  </div>
 </body>
</html>
