2692 4484
357 339 493 391 ORATIO
514 339 561 389 lV.
583 340 621 388 ΙΝ
644 340 675 388 L.
699 336 912 387 CATILINAM.
1140 348 1180 405 37

136 485 249 543 summi
270 484 423 542 severitate
443 494 581 543 versatur.
623 482 709 539 Alter
728 500 787 551 eos,
807 479 857 555 qui
877 498 930 538 uos
950 497 1060 551 omnes,
1081 483 1130 555 qui

134 564 270 641 populum
291 563 471 635 Romanum,
485 564 544 620 vita
563 561 676 638 privare
697 560 793 617 conati
813 569 889 631 sunt,
903 558 954 634 qui
968 558 1067 616 delere
1080 560 1132 617 im·

133 644 255 720 perium,
267 643 319 716 qui
333 643 429 719 populi
440 642 569 700 Romani
579 659 685 698 nomen
699 639 891 716 exstinguere,
905 648 1047 715 punctum
1060 647 1132 695 tem·

131 722 209 798 poris
228 721 287 779 frui
301 722 372 803 vita,
387 731 417 779 et
436 723 492 779 hoc
512 719 659 779 communi
680 718 790 795 spiritu,
804 738 862 776 non
877 726 960 795 putat
979 726 1129 794 oportere;

133 810 218 876 atque
233 801 292 859 hoc
306 820 400 878 genus
412 820 504 878 poenae
518 819 594 876 saepe
614 799 645 856 in
666 797 808 875 improbos
822 798 900 854 cives
913 797 944 854 in
957 798 1014 854 hac
1027 797 1130 874 repub·
1164 795 1183 848 5

131 878 190 937 liet
211 899 277 938 esse
298 890 469 956 usurpatum
489 878 665 937 recordatur.
707 876 790 935 Alter
811 876 955 953 iutelligit,
969 887 1091 934 mortem
1112 895 1129 933 a

130 958 197 1016 Diis
211 958 427 1017 immortalibus
447 978 506 1016 nou
527 977 591 1015 esse
611 956 745 1032 supplicii
767 955 856 1013 causa
870 955 1062 1028 constitutam,
1077 956 1128 1013 sed

131 1047 181 1095 aut
195 1038 405 1096 necessitatem
420 1047 540 1108 nature,
556 1044 605 1094 aut
617 1036 747 1094 laborum
763 1053 798 1092 ac
812 1035 992 1092 miseriarum
1002 1034 1128 1109 quietem

129 1135 204 1173 esse.
242 1117 348 1193 Itaque
358 1136 424 1175 eam
435 1116 578 1192 sapientes
588 1133 735 1190 nunquam
750 1113 843 1184 inviti,
852 1113 938 1171 sortes
952 1114 1039 1170 etiam
1053 1133 1128 1190 saepe

128 1195 270 1268 libenter,
285 1197 491 1273 oppetiverunt.
532 1194 660 1252 Vincula
672 1189 751 1264 verb,
766 1201 795 1249 et
808 1211 844 1250 ea
857 1192 1038 1268 sempiterna,
1047 1192 1127 1251 certe
1147 1193 1181 1247 10

130 1274 170 1330 ad
181 1275 363 1352 singularem
371 1292 486 1350 poeuam
494 1273 598 1331 nefarii
606 1272 725 1330 sceleris
733 1271 850 1329 inventa
858 1282 932 1329 sunt.
974 1271 1128 1349 Municipi-

131 1352 157 1409 is
172 1354 321 1430 dispertiri
333 1353 423 1429 jubet.
465 1352 582 1410 Habere
591 1352 703 1411 videtur
717 1351 773 1408 ista
785 1370 831 1408 res
845 1351 1034 1426 iniquitatem,
1043 1351 1068 1409 si
1077 1353 1129 1409 im·

130 1450 239 1507 perure
260 1433 332 1490 velis
341 1451 349 1502 ;
370 1431 579 1503 difficultatem,
594 1432 619 1489 si
635 1449 746 1507 rogare.
787 1429 968 1488 Decernatur
981 1440 1089 1502 tamen,
1103 1431 1128 1488 si

130 1509 242 1586 placet.
284 1511 348 1588 Ego
367 1511 445 1569 enim
465 1510 631 1587 suscipiam,
646 1520 685 1581 et,
700 1518 733 1566 ut
752 1528 843 1585 spero,
857 1510 1008 1585 reperiam,
1022 1510 1072 1586 qui
1086 1511 1127 1581 id,

131 1590 213 1664 quod
234 1590 334 1649 salutis
353 1590 482 1648 omnium
503 1590 593 1648 causa
613 1588 780 1659 statueritis,
795 1607 853 1645 nou
871 1598 973 1664 putent
993 1607 1056 1646 esse
1070 1608 1128 1646 suae
1146 1590 1181 1643 15

58 1686 63 1695 ·
133 1667 288 1744 dignitatis
301 1689 445 1727 recusare.

175 1747 320 1825 Adjungit
333 1767 450 1825 marem
457 1767 573 1824 poenam
586 1746 792 1824 municipibus,
801 1745 826 1803 si
834 1746 899 1821 quis
907 1765 1005 1804 eorum
1014 1746 1129 1804 vincula

133 1827 262 1902 ruperit:
283 1828 434 1885 horribiles
451 1828 597 1886 custodias
613 1826 792 1896 circumdat;
814 1835 843 1883 et
857 1826 945 1902 digna
958 1825 1066 1884 scelere
1080 1827 1129 1884 ho·

134 1905 248 1962 minum
261 1907 437 1982 perditorum
457 1907 568 1965 sancit:
589 1906 705 1981 nequis
727 1923 827 1963 eorum
840 1924 964 1981 poenam,
978 1925 1049 1981 quos
1063 1925 1129 1963 con·

134 1983 264 2051 demnat.
286 1996 335 2043 aut
361 2006 412 2061 per
439 1997 572 2044 senatum
593 1994 643 2043 aut
668 2005 720 2062 per
740 1984 888 2061 populum,
908 1984 1003 2042 levare
1022 1984 1128 2060 possit:
1145 1991 1181 2045 20

135 2072 222 2138 eripit
241 2064 329 2121 etiam
350 2084 440 2140 spem,
460 2085 524 2141 quae
545 2064 606 2122 sola
625 2065 772 2122 hominem
793 2064 823 2121 in
845 2063 968 2120 miseriis
989 2062 1129 2120 consolari

43 2185 47 2193 .
135 2140 217 2199 solet.
258 2142 341 2199 Bona
358 2153 499 2218 praeterea
512 2144 655 2218 publicari
668 2143 768 2218 jubet:
789 2143 878 2200 vitam
892 2142 982 2200 solam
995 2141 1130 2218 relinquit

135 2219 257 2277 nefariis
270 2221 451 2290 hominibus;
472 2239 558 2296 quam
573 2221 597 2277 si
611 2221 771 2297 eripuisset,
789 2220 932 2299 [multos]
949 2240 1007 2278 uno
1023 2220 1128 2292 dolore,

134 2299 229 2356 animi
250 2309 336 2375 atque
357 2299 491 2375 eorporis,
506 2309 535 2356 et
554 2317 654 2357 omnes
674 2301 816 2358 scelerum
835 2321 945 2377 poenas,
967 2300 1128 2358 ademisset.

133 2371 242 2452 Itaque
255 2388 287 2436 ut
302 2379 397 2454 aliqua
417 2378 448 2436 iu
469 2378 526 2436 vitu
547 2378 667 2436 formido
688 2379 823 2455 improbis
843 2390 918 2438 esset
937 2381 1039 2456 posita,
1055 2380 1129 2456 apud
1145 2387 1180 2442 25

87 2469 91 2472 ’
136 2456 244 2514 inferos
253 2457 393 2532 ejusmodi
402 2458 533 2533 quedam
544 2457 586 2515 illi
596 2458 707 2532 antiqui
716 2459 855 2535 supplicia
869 2459 964 2535 impiis
973 2460 1128 2518 constituta

137 2550 201 2590 esse
215 2535 364 2593 voluerunt
372 2555 380 2606 ;
401 2535 480 2613 quod
493 2536 629 2595 videlicet
643 2537 851 2614 intelligebant,
865 2539 911 2596 his
928 2538 1054 2610 remotis,
1068 2559 1126 2597 non

137 2630 201 2670 esse
215 2624 335 2672 mortem
349 2614 440 2690 ipsam
452 2617 723 2692 pertimescendam.

177 2691 212 2749 V.
247 2691 346 2764 Nunc,
367 2694 468 2752 Patres
495 2695 669 2771 conscripti,
691 2715 755 2773 ego,
776 2697 851 2769 meri,
872 2697 964 2768 video,
987 2697 1056 2773 quid
1084 2698 1127 2756 in·

137 2770 225 2828 tersit.
267 2772 299 2829 Si
327 2772 406 2831 eritis
432 2775 525 2832 secuti
553 2776 727 2833 sententiam
754 2775 789 2832 C.
818 2777 957 2847 Caesaris3
991 2777 1126 2852 quoniam
1143 2784 1180 2839 30

136 2850 213 2907 hanc
227 2850 251 2907 is
265 2850 295 2909 in
309 2852 457 2928 republica
471 2853 557 2925 viam,
568 2873 631 2929 quae
644 2854 790 2931 popularis
803 2855 934 2927 habetur,
945 2866 1062 2914 secutus
1072 2866 1126 2928 est,

136 2929 256 2987 fortasse
269 2930 365 2989 minus
379 2942 473 3003 erunt,
483 2933 539 2991 hoc
553 2945 671 2991 auctore
686 2943 715 2992 et
729 2934 876 3010 cognitore
884 2934 1005 3011 hujusce
1014 2946 1127 2994 seuten-

136 3007 193 3078 tiae,
205 3009 276 3066 mihi
289 3010 439 3085 populares
449 3012 572 3087 impetus
582 3013 806 3089 pertimescendi
818 3033 825 3070 ε
846 3014 891 3071 sin
901 3014 979 3071 illam
991 3015 1126 3085 alteram3

137 3087 244 3158 nescio,
267 3107 304 3144 an
333 3089 454 3163 amplius
481 3091 553 3148 mihi
581 3092 690 3168 neg'otii
714 3093 908 3150 contrahatur.
950 3094 1010 3150 Sed
1030 3103 1127 3150 tamen

137 3183 265 3223 meorum
278 3166 472 3242 periculorum
486 3169 611 3227 rationes
625 3170 735 3227 utilitas
748 3171 914 3247 reipublice
927 3172 1033 3229 vincat.
1068 3171 1128 3229 Ha·
1143 3175 1178 3229 35

136 3244 238 3301 bemus
258 3245 336 3302 enirn
358 3263 375 3301 a
395 3245 429 3303 C.
451 3246 567 3305 Oaesare
586 3246 677 3324 (sicut
691 3248 780 3325 ipsius
794 3251 929 3328 dignitas,
944 3260 974 3308 et
987 3250 1126 3327 majorum

135 3322 198 3399 ejus
213 3323 378 3398 amplitudo,
392 3325 554 3400 postulabat
582 3329 765 3399 sententiam,
774 3340 912 3404 tanquam
922 3329 1052 3387 obsidem
1064 3350 1126 3406 per·

134 3411 227 3478 petuae
248 3402 278 3460 in
292 3403 500 3479 rempublicam
520 3425 555 3463 vo
566 3407 681 3464 untatis.
723 3406 909 3466 Intellectum
929 3419 982 3480 est,
998 3409 1067 3484 quid
1083 3410 1126 3468 in·

133 3481 215 3538 tersit
229 3481 302 3539 inter
316 3482 461 3540 levitatem
476 3485 721 3558 concionatorum,
737 3497 766 3546 et
787 3487 914 3545 animum
929 3487 996 3547 vere
1010 3490 1126 3566 popula·

135 3579 204 3631 rem,
219 3561 305 3618 saluti
319 3561 414 3637 populi
428 3564 634 3622 consulentem.
1142 3571 1177 3624 40

172 3639 276 3710 Video,
291 3639 328 3698 de
349 3641 411 3698 istis
429 3643 479 3718 qui
500 3662 532 3717 se
549 3643 700 3719 populares
713 3645 815 3704 haberi
828 3646 936 3717 volunt,
952 3647 1053 3704 abesse
1067 3667 1125 3705 non

134 3718 289 3789 neminem,
303 3739 341 3776 ne
355 3719 392 3777 de
406 3721 500 3797 capite
514 3722 649 3780 videlicet
670 3724 778 3781 civium
798 3724 998 3783 Romanorum
1012 3735 1127 3783 senten·

132 3795 204 3854 tiam
218 3797 299 3853 ferat.
341 3798 371 3855 ls
385 3808 414 3856 et
427 3801 635 3857 nudiustertius
648 3801 679 3858 in
696 3803 857 3860 custodiam
878 3804 957 3861 cives
976 3802 1127 3860 Romanos

133 3875 223 3943 dedit,
242 3887 271 3931 ct
293 3877 529 4010 supplicapionem
551 3880 623 3936 mihi
637 3881 783 3949 decrevit,
805 3890 835 3943 et
856 3880 970 3947 indices
993 3881 1127 3935 hesterno
