2692 4484
167 325 208 384 60
438 321 576 371 ORATIO
599 320 670 373 PRO
692 322 789 372 LEGE
811 323 978 389 MANILIA.

219 465 362 535 soluistis3
383 424 463 523 rethe
478 465 525 524 isti
539 464 635 523 studia
647 476 742 524 vestra
754 468 822 524 suis
842 468 970 526 consiliis
987 488 1089 546 regere
1103 491 1215 532 conan-

218 555 273 603 tur.
315 545 368 602 Sin
378 555 480 602 autem
498 565 547 603 vos
567 546 631 622 plus
646 556 708 603 tum
722 546 752 604 in
766 566 798 604 re
811 548 928 623 publicai
942 549 1074 620 vidistis}
1091 570 1150 624 vos,
1165 554 1214 610 his

218 624 454 701 repugnantibus,
478 644 528 701 per
549 635 659 683 vosmet
686 626 761 703 ipsos
784 626 955 702 dignitatem
982 628 1051 685 huic
1079 630 1211 707 imperio,

218 705 340 762 salutem
361 704 422 761 orbi
445 716 595 775 terrarum,
611 705 761 775 attulistis3
784 705 938 782 aliquando
951 706 998 764 isti
1013 708 1165 786 principes,
1181 723 1213 769 et

182 795 201 849 5
218 783 273 841 sibi
287 793 316 840 et
330 784 452 855 ceteris,
465 784 562 861 populi
582 783 711 842 Romani
731 784 858 842 universi
872 786 1036 843 auctoritati
1049 791 1211 864 parendum

217 882 234 921 e
307 873 447 927 ateantut.

182 881 411 1079 Ιῇῑῳιεξίιι
423 942 479 1000 hoc
492 942 568 1000 bello
587 940 721 1000 Asiatico
739 952 769 1000 et
789 943 878 1019 regio,
892 962 950 1001 non
970 942 1063 1002 solum
1077 946 1212 1005 militaris

219 1021 268 1079 'la
281 1023 379 1092 virtus,
393 1039 457 1097 quae
475 1031 520 1080 est
537 1021 568 1080 in
587 1020 642 1079 Cn.
657 1021 794 1098 Pompeio
811 1022 976 1099 singularis,
990 1024 1042 1081 sed
1064 1024 1127 1082 sliae
1141 1046 1212 1100 quo·

123 1112 126 1115 ’
217 1120 273 1177 que
294 1100 414 1158 virtutes
437 1101 526 1159 animi
544 1100 642 1157 multas
663 1111 693 1157 et
712 1118 826 1178 magne
845 1102 1038 1176 requiruntur.
1080 1103 1210 1164 Difficile

167 1188 201 1242 lo
217 1190 261 1238 est
281 1180 310 1237 in
331 1180 415 1251 Asiis,
434 1180 552 1251 Cilicii,
574 1179 668 1255 Syris,
689 1180 842 1256 regnisque
860 1181 1029 1239 interiorum
1048 1183 1209 1256 nationum,

218 1260 259 1316 ita
281 1259 388 1317 versari
414 1269 540 1318 restrum
567 1259 777 1335 imperatorem,
801 1269 834 1317 ut
854 1260 927 1318 nihil
950 1261 1038 1332 aliud,
1061 1260 1149 1337 quim
1173 1264 1211 1321 de

218 1340 298 1397 hoste
313 1357 348 1396 ac
362 1339 399 1396 de
411 1339 498 1397 laude
512 1338 627 1415 cogitet
669 1337 794 1409 Deinde,
813 1338 902 1396 etiam
920 1339 995 1416 siqui
1014 1350 1082 1397 sunt
1100 1342 1211 1418 pudore

218 1436 253 1476 ac
271 1417 461 1494 temperantia
479 1417 683 1476 moderatiores
693 1437 701 1488 ;
722 1428 819 1476 tamen
841 1438 891 1476 eos
913 1438 977 1477 esse
996 1419 1078 1491 tales,
1096 1431 1213 1497 propter
1238 1460 1241 1465 <

161 1536 165 1541 ·
218 1497 433 1556 multitudinem
453 1497 622 1573 cupidorum
643 1497 802 1568 hominum,
817 1517 903 1556 nemo
924 1499 1102 1556 arbitratur..
1127 1499 1211 1557 Diffi·

168 1575 201 1628 15
218 1577 275 1634 cile
296 1586 340 1635 est
359 1578 449 1648 dictu,
462 1576 606 1647 Quirites,
620 1588 730 1651 quanto
751 1577 780 1634 in
802 1577 872 1636 odio
890 1577 983 1639 simus
1004 1578 1079 1655 apud
1096 1588 1211 1635 exteras

218 1656 359 1728 nationes,
382 1665 495 1732 propter
518 1674 628 1728 eorum,
652 1675 723 1731 quos
747 1657 784 1713 ad
807 1675 857 1714 eos
878 1676 929 1733 per
953 1657 1005 1715 hos
1029 1676 1118 1715 annos
1141 1676 1210 1714 cum

219 1735 339 1812 imperio
357 1736 498 1807 misimus,
519 1735 639 1811 injurias
659 1754 696 1793 ac
715 1736 859 1794 libidines.
899 1735 990 1797 Quod
1010 1737 1088 1794 enim
1110 1736 1210 1794 sanum

130 1818 140 1837 '
218 1815 325 1891 putatis
345 1814 375 1872 in
398 1815 455 1873 illis
474 1814 559 1872 terris
578 1814 683 1873 nostris
700 1815 916 1892 magistratibus
934 1814 1109 1892 religiosum,
1123 1833 1210 1891 quam

219 1894 366 1952 civitatem
393 1904 533 1965 sanctam,
557 1913 644 1970 quam
668 1894 785 1952 domum
812 1895 882 1952 satis
905 1894 1035 1951 clausam
1059 1913 1094 1952 ac
1117 1895 1211 1952 muni-

166 1979 203 2034 2⁰
219 1983 279 2030 tam
305 1973 416 2032 tirissel
456 1972 550 2031 Urbes
580 1973 641 2049 jam
667 1973 825 2050 locupletes
852 1992 888 2030 ac
914 1973 1036 2050 copiosa
1062 1974 1212 2049 requirun-

219 2063 275 2124 tur,
296 2053 401 2128 quibus
424 2071 514 2110 causa
537 2052 615 2124 belli,
637 2062 751 2129 propter
772 2051 926 2129 diripiendi
947 2052 1146 2128 cupidfltem,
1168 2053 1211 2110 in-

220 2132 351 2190 feratur.‘
378 2122 516 2190 Libenter
539 2133 603 2189 haec
625 2129 723 2190 coriam
745 2150 813 2189 cum
833 2132 874 2194 Q.
896 2131 1002 2189 Catulo
1022 2142 1051 2188 et
1073 2132 1113 2193 Q.
1135 2131 1211 2189 Hor-

219 2212 313 2270 tensIo
335 2210 521 2288 disputarem,
543 2211 664 2269 summis
691 2220 721 2268 et
747 2210 916 2269 clarissimis
942 2211 1018 2268 viris.
1059 2210 1211 2270 Noverunt

219 2291 298 2349 enim
320 2291 463 2349 sociorum
486 2290 623 2349 vulnera:
639 2290 751 2348 ‘vident
773 2309 872 2348 eorum
896 2289 1094 2348 calamitates:
1118 2291 1213 2365 queri·

162 2377 204 2431 >25
220 2371 332 2428 monias
359 2371 488 2429 audiunt.
529 2370 586 2428 Pro
612 2369 699 2428 sociis
726 2389 776 2431 vos
802 2380 903 2428 contra
930 2369 1025 2427 hostes
1051 2369 1210 2427 exercitum

220 2449 334 2506 mittere
353 2449 470 2523 putatis,
486 2467 532 2519 an,
547 2449 671 2506 hostium
690 2448 883 2520 simulatione,
898 2458 999 2506 contra
1016 2448 1108 2506 socios
1126 2458 1213 2523 atque

222 2528 352 2585 amicost
392 2524 469 2588 ssl‘uae
489 2527 590 2584 civitas
611 2536 655 2586 est
676 2527 707 2584 in
728 2528 810 2599 Asia,
825 2548 888 2604 quas
908 2547 966 2585 non
986 2526 1071 2585 modd
1092 2525 1213 2603 impera·

221 2605 290 2664 toris
304 2616 353 2663 aut
367 2605 465 2682 legati,
479 2605 530 2663 sed
544 2607 631 2665 unius
644 2606 754 2664 tribuni
768 2607 902 2678 militum,
918 2606 1028 2664 animos
1043 2625 1077 2664 ac
1095 2607 1212 2683 spiritus
1276 2620 1282 2629 ·

221 2704 325 2761 capere
339 2686 446 2761 possitl
1010 2752 1011 2757 η

168 2768 205 2824 30
260 2764 382 2822 XXIII.
411 2765 525 2837 Quare,
540 2765 627 2823 etiam
646 2765 757 2840 siquem
775 2766 898 2837 habetis,
912 2765 972 2841 qui,
987 2764 1098 2822 collatis
1111 2764 1212 2840 signis,

221 2844 365 2902 exercitus
388 2845 483 2921 regios
506 2864 641 2921 superare
663 2865 746 2922 posse
769 2844 916 2915 videatur;
947 2854 1054 2915 tamen,
1079 2844 1134 2900 nisi
1158 2844 1213 2900 erit
1269 2870 1279 2885 ·

222 2924 309 2995 idem,
323 2924 372 3000 qui
393 2943 424 2981 se
445 2943 462 2981 a
480 2923 613 3001 pecuniis
630 2924 784 2996 sociorum,
798 2924 847 3000 qui
868 2924 905 2980 ab
925 2942 1023 2981 eorum
1042 2922 1214 2998 conjugibus

223 3022 258 3061 ac
277 3003 386 3075 liberis,
400 3003 449 3081 qui
470 3004 506 3061 ab
526 3003 703 3062 ornamentis
722 3005 852 3062 fanorum
874 3013 958 3078 atquc
971 3002 1149 3078 oppidorum,
1163 3020 1213 3075 qur

223 3084 260 3140 ab
283 3102 353 3142 auro
375 3083 509 3160 gazisque
532 3082 623 3160 regiis,
647 3101 760 3153 manus,
782 3081 891 3153 oculoS,
915 3081 1053 3150 animum,
1077 3080 1214 3154 cohibere

169 3174 206 3228 35
220 3163 324 3238 possit;
346 3183 404 3222 non
424 3164 479 3221 erit
499 3163 629 3234 idoneus,
643 3162 692 3238 qui
714 3163 750 3219 ad
770 3161 877 3219 bellum
902 3160 1066 3218 Asiaticum
1089 3159 1215 3235 regium·

141 3268 142 3273 ¹
221 3262 278 3317 que
305 3245 442 3301 mittatur.
484 3242 616 3318 Ecquam
643 3241 750 3318 putatis
777 3240 923 3298 civitatem
950 3251 1084 3316 pacatam
1112 3238 1212 3307 fuisse,

223 3340 286 3395 quse
300 3322 428 3398 locuples
448 3322 504 3379 sitl
532 3340 655 3397 ecquam
677 3339 740 3378 esse
760 3319 943 3396 locupletem,
957 3337 1020 3393 quae
1035 3317 1098 3374 istis
1110 3325 1215 3393 pacata

223 3418 286 3456 esse
300 3401 450 3458 videaturl
484 3400 548 3457 Ora
565 3400 719 3471 maritima,
733 3399 876 3470 Quirites,
891 3400 947 3456 Cn.
962 3397 1140 3472 Pompeium,
1155 3414 1214 3452 non

223 3475 315 3535 soldm
335 3489 447 3555 propter
467 3479 510 3537 rei
530 3479 662 3536 militaris
682 3479 813 3555 gloriam,
827 3480 879 3535 sed
893 3478 980 3535 etiam
998 3486 1110 3552 propter
1126 3472 1214 3530 animi

171 3568 207 3622 40
224 3556 441 3629 continentiam,
456 3557 611 3633 requisivit.
633 3592 637 3609 ι
653 3557 782 3616 Videbat
801 3557 879 3615 enim
892 3555 1028 3633 populum
1049 3554 1215 3611 Romanum

224 3655 281 3694 non
301 3636 470 3713 locupletari
489 3637 642 3712 quotannis
664 3637 790 3713 pecuniis
813 3637 941 3713 publica,
965 3645 1067 3711 praeter
1090 3649 1215 3709 paucos;

224 3735 318 3790 neque
332 3736 384 3773 nos
396 3715 552 3792 quidquam
573 3716 652 3773 aliud
673 3716 786 3791 assequi
807 3716 943 3773 classium
961 3712 1089 3782 nomine,
1103 3711 1160 3769 nisi
1174 3719 1216 3782 ut,

225 3795 404 3853 detrimentis
426 3795 612 3871 accipiendis,
627 3795 735 3871 majore
756 3795 832 3853 affici
853 3793 1031 3884 turpitudine
1044 3792 1216 3848 videremur.

225 3873 325 3945 Nunc,
339 3876 396 3949 qud
411 3875 568 3950 cupiditate
582 3875 713 3933 homines
727 3875 756 3931 in
776 3874 950 3949 provincias,
965 3871 1070 3946 quibus
1084 3869 1217 3946 jacturis.
