<?xml version="1.0" encoding="UTF-8"?>
<!DOCTYPE html PUBLIC "-//W3C//DTD XHTML 1.0 Transitional//EN"
    "http://www.w3.org/TR/xhtml1/DTD/xhtml1-transitional.dtd">
<html xmlns="http://www.w3.org/1999/xhtml" xml:lang="en" lang="en">
 <head>
  <title>
</title>
<meta http-equiv="Content-Type" content="text/html;charset=utf-8" />
  <meta name='ocr-system' content='tesseract 3.04.00' />
  <meta name='ocr-capabilities' content='ocr_page ocr_carea ocr_par ocr_line ocrx_word'/>
</head>
<body>
  <div class='ocr_page' id='page_1' title='image "./orationesqudams02cicegoog/orationesqudams02cicegoog_0052.png"; bbox 0 0 2692 4484; ppageno 0'>
   <div class='ocr_carea' id='block_1_1' title="bbox 360 308 1176 409">
    <p class='ocr_par' dir='ltr' id='par_1_1' title="bbox 360 308 1176 409">
     <span class='ocr_line' id='line_1_1' title="bbox 360 308 1176 409; baseline -0.016 -44"><span class='ocrx_word' id='word_1_1' title='bbox 360 314 497 409; x_wconf 70' lang='lat' dir='ltr'><strong>canno</strong></span> <span class='ocrx_word' id='word_1_2' title='bbox 518 313 589 363; x_wconf 83' lang='lat' dir='ltr'><strong>reo</strong></span> <span class='ocrx_word' id='word_1_3' title='bbox 610 311 708 368; x_wconf 69' lang='lat' dir='ltr'><strong>saca</strong></span> <span class='ocrx_word' id='word_1_4' title='bbox 730 308 897 360; x_wconf 69' lang='lat' dir='ltr'><strong>Minima.</strong></span> <span class='ocrx_word' id='word_1_5' title='bbox 1137 310 1176 366; x_wconf 78' lang='lat'><strong>47</strong></span> 
     </span>
    </p>
   </div>
   <div class='ocr_carea' id='block_1_2' title="bbox 74 422 1330 3993">
    <p class='ocr_par' dir='ltr' id='par_1_2' title="bbox 74 422 1330 3993">
     <span class='ocr_line' id='line_1_2' title="bbox 141 422 1143 540; baseline -0.013 -20"><span class='ocrx_word' id='word_1_6' title='bbox 141 463 248 540; x_wconf 84' lang='lat' dir='ltr'><strong>rigatio</strong></span> <span class='ocrx_word' id='word_1_7' title='bbox 261 450 318 520; x_wconf 75' lang='lat' dir='ltr'><strong>&#39;coir‘</strong></span> <span class='ocrx_word' id='word_1_8' title='bbox 335 422 459 519; x_wconf 63' lang='lat' dir='ltr'><strong>dibieiif</strong></span> <span class='ocrx_word' id='word_1_9' title='bbox 470 452 537 516; x_wconf 60' lang='lat' dir='ltr'><strong>“Ita</strong></span> <span class='ocrx_word' id='word_1_10' title='bbox 553 475 648 531; x_wconf 90' lang='lat' dir='ltr'><strong>neque</strong></span> <span class='ocrx_word' id='word_1_11' title='bbox 668 473 705 512; x_wconf 85' lang='lat' dir='ltr'><strong>ex</strong></span> <span class='ocrx_word' id='word_1_12' title='bbox 723 461 925 530; x_wconf 64' lang='lat' dir='ltr'><strong>portansque</strong></span> <span class='ocrx_word' id='word_1_13' title='bbox 939 469 976 508; x_wconf 85' lang='lat' dir='ltr'><strong>ex</strong></span> <span class='ocrx_word' id='word_1_14' title='bbox 988 450 1129 523; x_wconf 88' lang='lat' dir='ltr'><strong>decumis,</strong></span> <span class='ocrx_word' id='word_1_15' title='bbox 1140 458 1143 481; x_wconf 76' lang='lat'>¹</span> 
     </span>
     <span class='ocr_line' id='line_1_3' title="bbox 142 478 1131 674; baseline -0.014 -75"><span class='ocrx_word' id='word_1_16' title='bbox 142 560 235 616; x_wconf 87' lang='lat' dir='ltr'><strong>neque</strong></span> <span class='ocrx_word' id='word_1_17' title='bbox 254 478 599 674; x_wconf 35' lang='lat' dir='ltr'><strong>ex&amp;ripturiRvectigsl</strong></span> <span class='ocrx_word' id='word_1_18' title='bbox 620 531 782 593; x_wconf 82' lang='lat' dir='ltr'><strong>conservari</strong></span> <span class='ocrx_word' id='word_1_19' title='bbox 800 540 900 607; x_wconf 90' lang='lat' dir='ltr'><strong>potest.</strong></span> <span class='ocrx_word' id='word_1_20' title='bbox 941 529 1045 591; x_wconf 78' lang='lat' dir='ltr'><strong>Quare</strong></span> <span class='ocrx_word' id='word_1_21' title='bbox 1056 548 1131 606; x_wconf 80' lang='lat' dir='ltr'><strong>saepe</strong></span> 
     </span>
     <span class='ocr_line' id='line_1_4' title="bbox 140 608 1131 688; baseline -0.012 -10"><span class='ocrx_word' id='word_1_22' title='bbox 140 621 227 678; x_wconf 88' lang='lat' dir='ltr'><strong>totius</strong></span> <span class='ocrx_word' id='word_1_23' title='bbox 247 638 315 677; x_wconf 81' lang='lat' dir='ltr'><strong>anni</strong></span> <span class='ocrx_word' id='word_1_24' title='bbox 336 620 446 677; x_wconf 85' lang='lat' dir='ltr'><strong>fructus</strong></span> <span class='ocrx_word' id='word_1_25' title='bbox 486 635 524 674; x_wconf 93' lang='lat' dir='ltr'><strong>no</strong></span> <span class='ocrx_word' id='word_1_26' title='bbox 543 632 657 672; x_wconf 85' lang='lat' dir='ltr'><strong>rumore</strong></span> <span class='ocrx_word' id='word_1_27' title='bbox 676 610 807 688; x_wconf 89' lang='lat' dir='ltr'><strong>periculi,</strong></span> <span class='ocrx_word' id='word_1_28' title='bbox 822 620 907 685; x_wconf 87' lang='lat' dir='ltr'><strong>atque</strong></span> <span class='ocrx_word' id='word_1_29' title='bbox 921 628 980 667; x_wconf 90' lang='lat' dir='ltr'><strong>uno</strong></span> <span class='ocrx_word' id='word_1_30' title='bbox 993 608 1062 666; x_wconf 89' lang='lat' dir='ltr'><strong>belli</strong></span> <span class='ocrx_word' id='word_1_31' title='bbox 1076 617 1131 666; x_wconf 89' lang='lat' dir='ltr'><strong>ter·</strong></span> 
     </span>
     <span class='ocr_line' id='line_1_5' title="bbox 142 696 530 769; baseline -0.003 -14"><span class='ocrx_word' id='word_1_32' title='bbox 142 696 213 769; x_wconf 81' lang='lat' dir='ltr'><strong>mie,</strong></span> <span class='ocrx_word' id='word_1_33' title='bbox 229 700 377 755; x_wconf 86' lang='lat' dir='ltr'><strong>amittitur.</strong></span> <span class='ocrx_word' id='word_1_34' title='bbox 524 708 530 717; x_wconf 75' lang='lat'><strong><em>¹</em></strong></span> 
     </span>
     <span class='ocr_line' id='line_1_6' title="bbox 180 765 1178 843; baseline -0.016 -10"><span class='ocrx_word' id='word_1_35' title='bbox 180 778 251 839; x_wconf 81' lang='lat' dir='ltr'><strong>Quo</strong></span> <span class='ocrx_word' id='word_1_36' title='bbox 264 777 381 835; x_wconf 88' lang='lat' dir='ltr'><strong>tandem</strong></span> <span class='ocrx_word' id='word_1_37' title='bbox 396 775 493 832; x_wconf 90' lang='lat' dir='ltr'><strong>animo</strong></span> <span class='ocrx_word' id='word_1_38' title='bbox 512 791 576 830; x_wconf 87' lang='lat' dir='ltr'><strong>esse</strong></span> <span class='ocrx_word' id='word_1_39' title='bbox 596 767 767 828; x_wconf 84' lang='lat' dir='ltr'><strong>existimatis</strong></span> <span class='ocrx_word' id='word_1_40' title='bbox 781 778 830 824; x_wconf 95' lang='lat' dir='ltr'><strong>aut</strong></span> <span class='ocrx_word' id='word_1_41' title='bbox 849 786 898 825; x_wconf 88' lang='lat' dir='ltr'><strong>eos</strong></span> <span class='ocrx_word' id='word_1_42' title='bbox 911 766 1129 843; x_wconf 63' lang='lat' dir='ltr'><strong>qubrecdgdia</strong></span> <span class='ocrx_word' id='word_1_43' title='bbox 1159 765 1178 817; x_wconf 82' lang='lat'><strong>5</strong></span> 
     </span>
     <span class='ocr_line' id='line_1_7' title="bbox 142 840 1223 931; baseline -0.01 -18"><span class='ocrx_word' id='word_1_44' title='bbox 142 857 223 913; x_wconf 90' lang='lat' dir='ltr'><strong>nobis</strong></span> <span class='ocrx_word' id='word_1_45' title='bbox 237 857 390 931; x_wconf 83' lang='lat' dir='ltr'><strong>pensitant,</strong></span> <span class='ocrx_word' id='word_1_46' title='bbox 405 864 455 910; x_wconf 88' lang='lat' dir='ltr'><strong>aut</strong></span> <span class='ocrx_word' id='word_1_47' title='bbox 468 871 517 909; x_wconf 88' lang='lat' dir='ltr'><strong>eos</strong></span> <span class='ocrx_word' id='word_1_48' title='bbox 531 850 581 924; x_wconf 89' lang='lat' dir='ltr'><strong>qui</strong></span> <span class='ocrx_word' id='word_1_49' title='bbox 594 840 730 906; x_wconf 76' lang='lat' dir='ltr'><strong>&#39;exercent</strong></span> <span class='ocrx_word' id='word_1_50' title='bbox 744 856 829 920; x_wconf 90' lang='lat' dir='ltr'><strong>atque</strong></span> <span class='ocrx_word' id='word_1_51' title='bbox 843 846 981 922; x_wconf 61' lang='lat' dir='ltr'><strong>exigunt,</strong></span> <span class='ocrx_word' id='word_1_52' title='bbox 988 842 1057 904; x_wconf 79' lang='lat' dir='ltr'><strong>cirm</strong></span> <span class='ocrx_word' id='word_1_53' title='bbox 1070 844 1129 903; x_wconf 94' lang='lat' dir='ltr'><strong>duo</strong></span> <span class='ocrx_word' id='word_1_54' title='bbox 1218 885 1223 895; x_wconf 79' lang='lat'><strong>·</strong></span> 
     </span>
     <span class='ocr_line' id='line_1_8' title="bbox 141 912 1128 1010; baseline -0.011 -18"><span class='ocrx_word' id='word_1_55' title='bbox 141 954 224 1010; x_wconf 85' lang='lat' dir='ltr'><strong>reges</strong></span> <span class='ocrx_word' id='word_1_56' title='bbox 245 953 311 992; x_wconf 90' lang='lat' dir='ltr'><strong>cum</strong></span> <span class='ocrx_word' id='word_1_57' title='bbox 333 932 466 990; x_wconf 83' lang='lat' dir='ltr'><strong>maximis</strong></span> <span class='ocrx_word' id='word_1_58' title='bbox 478 929 576 1007; x_wconf 31' lang='lat' dir='ltr'><strong>‘copiis</strong></span> <span class='ocrx_word' id='word_1_59' title='bbox 595 924 681 1003; x_wconf 69' lang='lat' dir='ltr'><strong>prope</strong></span> <span class='ocrx_word' id='word_1_60' title='bbox 703 912 906 1001; x_wconf 64' lang='lat' dir='ltr'><strong>adsintifcirm</strong></span> <span class='ocrx_word' id='word_1_61' title='bbox 926 944 984 981; x_wconf 90' lang='lat' dir='ltr'><strong>una</strong></span> <span class='ocrx_word' id='word_1_62' title='bbox 997 944 1084 982; x_wconf 83' lang='lat' dir='ltr'><strong>excur</strong></span> <span class='ocrx_word' id='word_1_63' title='bbox 1102 925 1128 982; x_wconf 88' lang='lat' dir='ltr'><strong>&#39;o</strong></span> 
     </span>
     <span class='ocr_line' id='line_1_9' title="bbox 141 944 1128 1138; baseline -0.01 -68"><span class='ocrx_word' id='word_1_64' title='bbox 141 1013 286 1087; x_wconf 75' lang='lat' dir='ltr'><strong>equitatis</strong></span> <span class='ocrx_word' id='word_1_65' title='bbox 299 1011 430 1089; x_wconf 85' lang='lat' dir='ltr'><strong>perbrevi</strong></span> <span class='ocrx_word' id='word_1_66' title='bbox 443 1006 570 1083; x_wconf 86' lang='lat' dir='ltr'><strong>tempore</strong></span> <span class='ocrx_word' id='word_1_67' title='bbox 580 1006 667 1065; x_wconf 83' lang='lat' dir='ltr'><strong>totius</strong></span> <span class='ocrx_word' id='word_1_68' title='bbox 682 1005 749 1061; x_wconf 88' lang='lat' dir='ltr'><strong>anni</strong></span> <span class='ocrx_word' id='word_1_69' title='bbox 762 1003 885 1079; x_wconf 81' lang='lat' dir='ltr'><strong>vectigal</strong></span> <span class='ocrx_word' id='word_1_70' title='bbox 900 1003 1011 1061; x_wconf 88' lang='lat' dir='ltr'><strong>auferre</strong></span> <span class='ocrx_word' id='word_1_71' title='bbox 1022 944 1128 1138; x_wconf 54' lang='lat' dir='ltr'><strong>pmii}</strong></span> 
     </span>
     <span class='ocr_line' id='line_1_10' title="bbox 142 1081 1093 1167; baseline -0.012 -18"><span class='ocrx_word' id='word_1_72' title='bbox 142 1090 211 1149; x_wconf 83' lang='lat' dir='ltr'><strong>cdm</strong></span> <span class='ocrx_word' id='word_1_73' title='bbox 224 1091 373 1167; x_wconf 90' lang='lat' dir='ltr'><strong>publicani</strong></span> <span class='ocrx_word' id='word_1_74' title='bbox 387 1088 511 1147; x_wconf 88' lang='lat' dir='ltr'><strong>familias</strong></span> <span class='ocrx_word' id='word_1_75' title='bbox 524 1084 672 1154; x_wconf 83' lang='lat' dir='ltr'><strong>maximas,</strong></span> <span class='ocrx_word' id='word_1_76' title='bbox 687 1101 759 1158; x_wconf 88' lang='lat' dir='ltr'><strong>quas</strong></span> <span class='ocrx_word' id='word_1_77' title='bbox 771 1082 802 1139; x_wconf 91' lang='lat' dir='ltr'><strong>in</strong></span> <span class='ocrx_word' id='word_1_78' title='bbox 815 1081 914 1139; x_wconf 79' lang='lat' dir='ltr'><strong>salmis</strong></span> <span class='ocrx_word' id='word_1_79' title='bbox 927 1082 1042 1151; x_wconf 88' lang='lat' dir='ltr'><strong>babent,</strong></span> <span class='ocrx_word' id='word_1_80' title='bbox 1056 1099 1093 1157; x_wconf 93' lang='lat' dir='ltr'><strong>qu</strong></span> 
     </span>
     <span class='ocr_line' id='line_1_11' title="bbox 143 1160 1176 1246; baseline -0.009 -20"><span class='ocrx_word' id='word_1_81' title='bbox 143 1169 173 1226; x_wconf 93' lang='lat' dir='ltr'><strong>in</strong></span> <span class='ocrx_word' id='word_1_82' title='bbox 189 1171 275 1246; x_wconf 81' lang='lat' dir='ltr'><strong>agris,</strong></span> <span class='ocrx_word' id='word_1_83' title='bbox 290 1188 361 1244; x_wconf 90' lang='lat' dir='ltr'><strong>quas</strong></span> <span class='ocrx_word' id='word_1_84' title='bbox 375 1169 405 1224; x_wconf 92' lang='lat' dir='ltr'><strong>in</strong></span> <span class='ocrx_word' id='word_1_85' title='bbox 418 1164 555 1242; x_wconf 88' lang='lat' dir='ltr'><strong>portubus</strong></span> <span class='ocrx_word' id='word_1_86' title='bbox 573 1173 658 1237; x_wconf 91' lang='lat' dir='ltr'><strong>atque</strong></span> <span class='ocrx_word' id='word_1_87' title='bbox 679 1161 826 1231; x_wconf 87' lang='lat' dir='ltr'><strong>custodiis,</strong></span> <span class='ocrx_word' id='word_1_88' title='bbox 840 1179 945 1237; x_wconf 84' lang='lat' dir='ltr'><strong>magno</strong></span> <span class='ocrx_word' id='word_1_89' title='bbox 956 1160 1084 1236; x_wconf 88' lang='lat' dir='ltr'><strong>periculo</strong></span> <span class='ocrx_word' id='word_1_90' title='bbox 1096 1180 1127 1238; x_wconf 86' lang='lat' dir='ltr'><strong>se</strong></span> <span class='ocrx_word' id='word_1_91' title='bbox 1144 1163 1176 1217; x_wconf 90' lang='lat'><strong>10</strong></span> 
     </span>
     <span class='ocr_line' id='line_1_12' title="bbox 144 1239 1126 1314; baseline -0.009 -9"><span class='ocrx_word' id='word_1_92' title='bbox 144 1249 251 1305; x_wconf 89' lang='lat' dir='ltr'><strong>habere</strong></span> <span class='ocrx_word' id='word_1_93' title='bbox 273 1248 454 1305; x_wconf 83' lang='lat' dir='ltr'><strong>arbitrentur.</strong></span> <span class='ocrx_word' id='word_1_94' title='bbox 495 1242 644 1301; x_wconf 89' lang='lat' dir='ltr'><strong>Putatisne</strong></span> <span class='ocrx_word' id='word_1_95' title='bbox 658 1260 708 1298; x_wconf 82' lang='lat' dir='ltr'><strong>ros</strong></span> <span class='ocrx_word' id='word_1_96' title='bbox 728 1239 785 1297; x_wconf 91' lang='lat' dir='ltr'><strong>illis</strong></span> <span class='ocrx_word' id='word_1_97' title='bbox 798 1239 884 1296; x_wconf 89' lang='lat' dir='ltr'><strong>rebus</strong></span> <span class='ocrx_word' id='word_1_98' title='bbox 897 1239 953 1296; x_wconf 92' lang='lat' dir='ltr'><strong>frui</strong></span> <span class='ocrx_word' id='word_1_99' title='bbox 965 1258 1056 1314; x_wconf 90' lang='lat' dir='ltr'><strong>posse,</strong></span> <span class='ocrx_word' id='word_1_100' title='bbox 1071 1239 1126 1297; x_wconf 91' lang='lat' dir='ltr'><strong>nisi</strong></span> 
     </span>
     <span class='ocr_line' id='line_1_13' title="bbox 146 1315 1128 1399; baseline -0.008 -17"><span class='ocrx_word' id='word_1_101' title='bbox 146 1345 205 1395; x_wconf 90' lang='lat' dir='ltr'><strong>eos,</strong></span> <span class='ocrx_word' id='word_1_102' title='bbox 219 1327 268 1399; x_wconf 92' lang='lat' dir='ltr'><strong>qui</strong></span> <span class='ocrx_word' id='word_1_103' title='bbox 288 1325 368 1382; x_wconf 83' lang='lat' dir='ltr'><strong>vobis</strong></span> <span class='ocrx_word' id='word_1_104' title='bbox 388 1321 524 1381; x_wconf 85' lang='lat' dir='ltr'>fructuosi</span> <span class='ocrx_word' id='word_1_105' title='bbox 544 1330 619 1390; x_wconf 90' lang='lat' dir='ltr'><strong>sunt,</strong></span> <span class='ocrx_word' id='word_1_106' title='bbox 639 1317 884 1388; x_wconf 71' lang='lat' dir='ltr'><strong>conservaveritis,</strong></span> <span class='ocrx_word' id='word_1_107' title='bbox 898 1337 955 1375; x_wconf 91' lang='lat' dir='ltr'><strong>non</strong></span> <span class='ocrx_word' id='word_1_108' title='bbox 975 1315 1067 1374; x_wconf 82' lang='lat' dir='ltr'><strong>solirm</strong></span> <span class='ocrx_word' id='word_1_109' title='bbox 1082 1315 1128 1394; x_wconf 93' lang='lat' dir='ltr'><strong>(ut</strong></span> 
     </span>
     <span class='ocr_line' id='line_1_14' title="bbox 147 1394 1128 1483; baseline -0.006 -23"><span class='ocrx_word' id='word_1_110' title='bbox 147 1414 233 1461; x_wconf 91' lang='lat' dir='ltr'><strong>antea</strong></span> <span class='ocrx_word' id='word_1_111' title='bbox 246 1403 319 1483; x_wconf 80' lang='lat' dir='ltr'><strong>dini)</strong></span> <span class='ocrx_word' id='word_1_112' title='bbox 335 1394 506 1471; x_wconf 84' lang='lat' dir='ltr'><strong>calamitate,</strong></span> <span class='ocrx_word' id='word_1_113' title='bbox 520 1400 571 1457; x_wconf 90' lang='lat' dir='ltr'><strong>sed</strong></span> <span class='ocrx_word' id='word_1_114' title='bbox 591 1399 680 1456; x_wconf 89' lang='lat' dir='ltr'><strong>etiam</strong></span> <span class='ocrx_word' id='word_1_115' title='bbox 699 1395 872 1455; x_wconf 76' lang='lat' dir='ltr'>calamitatis</span> <span class='ocrx_word' id='word_1_116' title='bbox 885 1396 1045 1467; x_wconf 84' lang='lat' dir='ltr'><strong>formidine,</strong></span> <span class='ocrx_word' id='word_1_117' title='bbox 1059 1396 1128 1454; x_wconf 90' lang='lat' dir='ltr'><strong>libe-</strong></span> 
     </span>
     <span class='ocr_line' id='line_1_15' title="bbox 144 1484 244 1538; baseline 0 0"><span class='ocrx_word' id='word_1_118' title='bbox 144 1484 244 1538; x_wconf 83' lang='lat' dir='ltr'><strong>ratosi</strong></span> 
     </span>
     <span class='ocr_line' id='line_1_16' title="bbox 183 1554 1176 1633; baseline 0.001 -18"><span class='ocrx_word' id='word_1_119' title='bbox 183 1559 253 1616; x_wconf 91' lang='lat' dir='ltr'><strong>VII.</strong></span> <span class='ocrx_word' id='word_1_120' title='bbox 284 1560 332 1616; x_wconf 84' lang='lat' dir='ltr'><strong>Ac</strong></span> <span class='ocrx_word' id='word_1_121' title='bbox 342 1579 379 1616; x_wconf 91' lang='lat' dir='ltr'><strong>ne</strong></span> <span class='ocrx_word' id='word_1_122' title='bbox 390 1559 461 1615; x_wconf 93' lang='lat' dir='ltr'><strong>illud</strong></span> <span class='ocrx_word' id='word_1_123' title='bbox 474 1559 591 1633; x_wconf 90' lang='lat' dir='ltr'><strong>quidem</strong></span> <span class='ocrx_word' id='word_1_124' title='bbox 601 1557 682 1614; x_wconf 85' lang='lat' dir='ltr'><strong>vobis</strong></span> <span class='ocrx_word' id='word_1_125' title='bbox 692 1554 898 1631; x_wconf 82' lang='lat' dir='ltr'><strong>negligendum</strong></span> <span class='ocrx_word' id='word_1_126' title='bbox 908 1563 961 1626; x_wconf 91' lang='lat' dir='ltr'><strong>est,</strong></span> <span class='ocrx_word' id='word_1_127' title='bbox 972 1555 1047 1628; x_wconf 92' lang='lat' dir='ltr'><strong>quod</strong></span> <span class='ocrx_word' id='word_1_128' title='bbox 1057 1555 1127 1612; x_wconf 93' lang='lat' dir='ltr'><strong>mihi</strong></span> <span class='ocrx_word' id='word_1_129' title='bbox 1142 1563 1176 1615; x_wconf 88' lang='lat'><strong>15</strong></span> 
     </span>
     <span class='ocr_line' id='line_1_17' title="bbox 143 1633 1129 1714; baseline -0.004 -20"><span class='ocrx_word' id='word_1_130' title='bbox 143 1656 197 1713; x_wconf 85' lang='lat' dir='ltr'><strong>ego</strong></span> <span class='ocrx_word' id='word_1_131' title='bbox 210 1648 369 1695; x_wconf 81' lang='lat' dir='ltr'><strong>extremum</strong></span> <span class='ocrx_word' id='word_1_132' title='bbox 381 1655 593 1714; x_wconf 79' lang='lat' dir='ltr'><strong>proposueram,</strong></span> <span class='ocrx_word' id='word_1_133' title='bbox 608 1633 677 1693; x_wconf 83' lang='lat' dir='ltr'><strong>edm</strong></span> <span class='ocrx_word' id='word_1_134' title='bbox 698 1653 790 1692; x_wconf 88' lang='lat' dir='ltr'><strong>essem</strong></span> <span class='ocrx_word' id='word_1_135' title='bbox 811 1635 847 1690; x_wconf 88' lang='lat' dir='ltr'><strong>de</strong></span> <span class='ocrx_word' id='word_1_136' title='bbox 867 1633 936 1690; x_wconf 87' lang='lat' dir='ltr'><strong>belli</strong></span> <span class='ocrx_word' id='word_1_137' title='bbox 950 1651 1057 1709; x_wconf 86' lang='lat' dir='ltr'><strong>genere</strong></span> <span class='ocrx_word' id='word_1_138' title='bbox 1070 1634 1129 1690; x_wconf 92' lang='lat' dir='ltr'><strong>dic-</strong></span> 
     </span>
     <span class='ocr_line' id='line_1_18' title="bbox 142 1711 1127 1791; baseline -0.004 -19"><span class='ocrx_word' id='word_1_139' title='bbox 142 1725 233 1787; x_wconf 88' lang='lat' dir='ltr'><strong>turus,</strong></span> <span class='ocrx_word' id='word_1_140' title='bbox 248 1717 322 1791; x_wconf 92' lang='lat' dir='ltr'><strong>quod</strong></span> <span class='ocrx_word' id='word_1_141' title='bbox 337 1717 373 1773; x_wconf 90' lang='lat' dir='ltr'><strong>ad</strong></span> <span class='ocrx_word' id='word_1_142' title='bbox 387 1717 542 1774; x_wconf 86' lang='lat' dir='ltr'><strong>multorum</strong></span> <span class='ocrx_word' id='word_1_143' title='bbox 555 1715 631 1772; x_wconf 89' lang='lat' dir='ltr'><strong>bona</strong></span> <span class='ocrx_word' id='word_1_144' title='bbox 651 1714 759 1771; x_wconf 88' lang='lat' dir='ltr'><strong>civium</strong></span> <span class='ocrx_word' id='word_1_145' title='bbox 779 1711 977 1770; x_wconf 86' lang='lat' dir='ltr'><strong>Romanorum</strong></span> <span class='ocrx_word' id='word_1_146' title='bbox 990 1711 1127 1787; x_wconf 82' lang='lat' dir='ltr'><strong>pertinet3</strong></span> 
     </span>
     <span class='ocr_line' id='line_1_19' title="bbox 142 1791 1129 1871; baseline -0.003 -20"><span class='ocrx_word' id='word_1_147' title='bbox 142 1814 261 1869; x_wconf 91' lang='lat' dir='ltr'><strong>quorum</strong></span> <span class='ocrx_word' id='word_1_148' title='bbox 275 1795 364 1866; x_wconf 86' lang='lat' dir='ltr'><strong>vobis,</strong></span> <span class='ocrx_word' id='word_1_149' title='bbox 374 1814 425 1871; x_wconf 89' lang='lat' dir='ltr'><strong>pro</strong></span> <span class='ocrx_word' id='word_1_150' title='bbox 438 1793 532 1853; x_wconf 77' lang='lat' dir='ltr'><strong>vestri</strong></span> <span class='ocrx_word' id='word_1_151' title='bbox 546 1792 697 1869; x_wconf 81' lang='lat' dir='ltr'><strong>sapientiai,</strong></span> <span class='ocrx_word' id='word_1_152' title='bbox 707 1791 850 1859; x_wconf 83' lang='lat' dir='ltr'><strong>Quirites,</strong></span> <span class='ocrx_word' id='word_1_153' title='bbox 862 1791 995 1847; x_wconf 87' lang='lat' dir='ltr'><strong>habenda</strong></span> <span class='ocrx_word' id='word_1_154' title='bbox 1004 1802 1047 1847; x_wconf 89' lang='lat' dir='ltr'><strong>est</strong></span> <span class='ocrx_word' id='word_1_155' title='bbox 1057 1791 1129 1849; x_wconf 89' lang='lat' dir='ltr'><strong>ratio</strong></span> 
     </span>
     <span class='ocr_line' id='line_1_20' title="bbox 86 1869 1229 1950; baseline 0.002 -21"><span class='ocrx_word' id='word_1_156' title='bbox 86 1880 95 1899; x_wconf 77' lang='lat'>⁸</span> <span class='ocrx_word' id='word_1_157' title='bbox 143 1873 303 1950; x_wconf 84' lang='lat' dir='ltr'><strong>diligenter.</strong></span> <span class='ocrx_word' id='word_1_158' title='bbox 345 1873 423 1932; x_wconf 88' lang='lat' dir='ltr'><strong>Nam</strong></span> <span class='ocrx_word' id='word_1_159' title='bbox 443 1883 476 1935; x_wconf 76' lang='lat' dir='ltr'><strong>et</strong></span> <span class='ocrx_word' id='word_1_160' title='bbox 491 1872 649 1949; x_wconf 85' lang='lat' dir='ltr'><strong>publicani,</strong></span> <span class='ocrx_word' id='word_1_161' title='bbox 671 1870 801 1941; x_wconf 73' lang='lat' dir='ltr'><strong>homines</strong></span> <span class='ocrx_word' id='word_1_162' title='bbox 828 1878 857 1926; x_wconf 90' lang='lat' dir='ltr'><strong>et</strong></span> <span class='ocrx_word' id='word_1_163' title='bbox 884 1869 1074 1927; x_wconf 84' lang='lat' dir='ltr'><strong>honestissimi</strong></span> <span class='ocrx_word' id='word_1_164' title='bbox 1100 1881 1130 1927; x_wconf 92' lang='lat' dir='ltr'><strong>et</strong></span> <span class='ocrx_word' id='word_1_165' title='bbox 1216 1912 1229 1931; x_wconf 76' lang='grc'><strong><em>,</em></strong></span> 
     </span>
     <span class='ocr_line' id='line_1_21' title="bbox 142 1948 1316 2025; baseline -0.004 -16"><span class='ocrx_word' id='word_1_166' title='bbox 142 1952 326 2024; x_wconf 89' lang='lat' dir='ltr'><strong>ornatissimi,</strong></span> <span class='ocrx_word' id='word_1_167' title='bbox 340 1972 408 2009; x_wconf 87' lang='lat' dir='ltr'><strong>suas</strong></span> <span class='ocrx_word' id='word_1_168' title='bbox 427 1948 552 2015; x_wconf 82' lang='lat' dir='ltr'><strong>rationes</strong></span> <span class='ocrx_word' id='word_1_169' title='bbox 569 1961 601 2015; x_wconf 78' lang='lat' dir='ltr'><strong>et</strong></span> <span class='ocrx_word' id='word_1_170' title='bbox 621 1948 718 2025; x_wconf 90' lang='lat' dir='ltr'><strong>copias</strong></span> <span class='ocrx_word' id='word_1_171' title='bbox 732 1949 761 2006; x_wconf 91' lang='lat' dir='ltr'><strong>in</strong></span> <span class='ocrx_word' id='word_1_172' title='bbox 776 1948 855 2005; x_wconf 91' lang='lat' dir='ltr'><strong>illam</strong></span> <span class='ocrx_word' id='word_1_173' title='bbox 868 1949 1044 2024; x_wconf 82' lang='lat' dir='ltr'><strong>provinciam</strong></span> <span class='ocrx_word' id='word_1_174' title='bbox 1064 1958 1131 2005; x_wconf 86' lang='lat' dir='ltr'><strong>con·</strong></span> <span class='ocrx_word' id='word_1_175' title='bbox 1143 1949 1227 2017; x_wconf 69' lang='lat' dir='ltr'><strong>2th</strong></span> <span class='ocrx_word' id='word_1_176' title='bbox 1236 1954 1316 2018; x_wconf 49' lang='lat' dir='ltr'><strong>ml</strong></span> 
     </span>
     <span class='ocr_line' id='line_1_22' title="bbox 143 2018 1132 2115; baseline -0.005 -28"><span class='ocrx_word' id='word_1_177' title='bbox 143 2031 270 2088; x_wconf 90' lang='lat' dir='ltr'><strong>tulerunt</strong></span> <span class='ocrx_word' id='word_1_178' title='bbox 280 2051 287 2100; x_wconf 92' lang='grc'>;</span> <span class='ocrx_word' id='word_1_179' title='bbox 298 2048 433 2115; x_wconf 55' lang='lat' dir='ltr'><strong>(quorum</strong></span> <span class='ocrx_word' id='word_1_180' title='bbox 448 2018 579 2106; x_wconf 78' lang='lat' dir='ltr'><strong>ipsorum&#39;</strong></span> <span class='ocrx_word' id='word_1_181' title='bbox 593 2049 643 2106; x_wconf 88' lang='lat' dir='ltr'><strong>per</strong></span> <span class='ocrx_word' id='word_1_182' title='bbox 662 2048 695 2087; x_wconf 87' lang='lat' dir='ltr'><strong>se</strong></span> <span class='ocrx_word' id='word_1_183' title='bbox 715 2047 762 2085; x_wconf 88' lang='lat' dir='ltr'><strong>res</strong></span> <span class='ocrx_word' id='word_1_184' title='bbox 782 2036 811 2084; x_wconf 88' lang='lat' dir='ltr'><strong>et</strong></span> <span class='ocrx_word' id='word_1_185' title='bbox 829 2026 948 2084; x_wconf 73' lang='lat' dir='ltr'><strong>fortunae</strong></span> <span class='ocrx_word' id='word_1_186' title='bbox 962 2046 1039 2084; x_wconf 88' lang='lat' dir='ltr'><strong>curae</strong></span> <span class='ocrx_word' id='word_1_187' title='bbox 1053 2027 1132 2090; x_wconf 87' lang='lat' dir='ltr'><strong>vobis</strong></span> 
     </span>
     <span class='ocr_line' id='line_1_23' title="bbox 144 2104 1131 2182; baseline -0.003 -17"><span class='ocrx_word' id='word_1_188' title='bbox 144 2128 207 2166; x_wconf 88' lang='lat' dir='ltr'><strong>esse</strong></span> <span class='ocrx_word' id='word_1_189' title='bbox 228 2109 343 2166; x_wconf 91' lang='lat' dir='ltr'><strong>debent.</strong></span> <span class='ocrx_word' id='word_1_190' title='bbox 364 2104 512 2179; x_wconf 50' lang='lat' dir='ltr'><strong>fntenim,</strong></span> <span class='ocrx_word' id='word_1_191' title='bbox 533 2109 558 2165; x_wconf 90' lang='lat' dir='ltr'><strong>si</strong></span> <span class='ocrx_word' id='word_1_192' title='bbox 577 2107 731 2182; x_wconf 85' lang='lat' dir='ltr'><strong>vectigalia</strong></span> <span class='ocrx_word' id='word_1_193' title='bbox 757 2124 859 2164; x_wconf 86' lang='lat' dir='ltr'><strong>nervos</strong></span> <span class='ocrx_word' id='word_1_194' title='bbox 879 2124 943 2161; x_wconf 88' lang='lat' dir='ltr'><strong>esse</strong></span> <span class='ocrx_word' id='word_1_195' title='bbox 966 2104 1131 2180; x_wconf 73' lang='lat' dir='ltr'><strong>reipublicae</strong></span> 
     </span>
     <span class='ocr_line' id='line_1_24' title="bbox 145 2183 1133 2267; baseline -0.002 -24"><span class='ocrx_word' id='word_1_196' title='bbox 145 2206 257 2262; x_wconf 87' lang='lat' dir='ltr'><strong>semper</strong></span> <span class='ocrx_word' id='word_1_197' title='bbox 271 2187 422 2267; x_wconf 75' lang='lat' dir='ltr'><strong>dprd&#39;mus3</strong></span> <span class='ocrx_word' id='word_1_198' title='bbox 444 2205 511 2243; x_wconf 88' lang='lat' dir='ltr'><strong>eum</strong></span> <span class='ocrx_word' id='word_1_199' title='bbox 524 2185 602 2243; x_wconf 73' lang='lat' dir='ltr'><strong>certe</strong></span> <span class='ocrx_word' id='word_1_200' title='bbox 617 2186 757 2255; x_wconf 89' lang='lat' dir='ltr'><strong>ordinem,</strong></span> <span class='ocrx_word' id='word_1_201' title='bbox 772 2185 820 2259; x_wconf 92' lang='lat' dir='ltr'><strong>qui</strong></span> <span class='ocrx_word' id='word_1_202' title='bbox 834 2194 951 2242; x_wconf 81' lang='lat' dir='ltr'><strong>exercet</strong></span> <span class='ocrx_word' id='word_1_203' title='bbox 965 2183 1024 2253; x_wconf 91' lang='lat' dir='ltr'><strong>illa,</strong></span> <span class='ocrx_word' id='word_1_204' title='bbox 1041 2183 1133 2241; x_wconf 87' lang='lat' dir='ltr'><strong>firma·</strong></span> 
     </span>
     <span class='ocr_line' id='line_1_25' title="bbox 146 2263 938 2358; baseline 0.005 -37"><span class='ocrx_word' id='word_1_205' title='bbox 146 2275 276 2322; x_wconf 88' lang='lat' dir='ltr'><strong>mentum</strong></span> <span class='ocrx_word' id='word_1_206' title='bbox 290 2274 459 2322; x_wconf 84' lang='lat' dir='ltr'><strong>caeterorum</strong></span> <span class='ocrx_word' id='word_1_207' title='bbox 471 2264 604 2322; x_wconf 88' lang='lat' dir='ltr'><strong>ordinum</strong></span> <span class='ocrx_word' id='word_1_208' title='bbox 618 2263 696 2321; x_wconf 75' lang='lat' dir='ltr'><strong>recte</strong></span> <span class='ocrx_word' id='word_1_209' title='bbox 712 2283 774 2321; x_wconf 90' lang='lat' dir='ltr'><strong>esse</strong></span> <span class='ocrx_word' id='word_1_210' title='bbox 788 2264 938 2358; x_wconf 59' lang='lat' dir='ltr'><strong>dicemusd</strong></span> 
     </span>
     <span class='ocr_line' id='line_1_26' title="bbox 92 2328 1180 2417; baseline 0 -18"><span class='ocrx_word' id='word_1_211' title='bbox 92 2338 113 2389; x_wconf 70' lang='lat'>⁸</span> <span class='ocrx_word' id='word_1_212' title='bbox 186 2343 302 2401; x_wconf 91' lang='lat' dir='ltr'><strong>Deinde</strong></span> <span class='ocrx_word' id='word_1_213' title='bbox 316 2344 428 2400; x_wconf 86' lang='lat' dir='ltr'><strong>caeteris</strong></span> <span class='ocrx_word' id='word_1_214' title='bbox 441 2362 478 2401; x_wconf 85' lang='lat' dir='ltr'><strong>err</strong></span> <span class='ocrx_word' id='word_1_215' title='bbox 490 2342 637 2400; x_wconf 88' lang='lat' dir='ltr'><strong>ordinibus</strong></span> <span class='ocrx_word' id='word_1_216' title='bbox 657 2343 787 2400; x_wconf 89' lang='lat' dir='ltr'><strong>homines</strong></span> <span class='ocrx_word' id='word_1_217' title='bbox 801 2344 867 2400; x_wconf 69' lang='lat' dir='ltr'><strong>tfaar</strong></span> <span class='ocrx_word' id='word_1_218' title='bbox 880 2328 1057 2400; x_wconf 50' lang='lat' dir='ltr'><strong>&amp;industrii</strong></span> <span class='ocrx_word' id='word_1_219' title='bbox 1070 2361 1132 2417; x_wconf 90' lang='lat' dir='ltr'><strong>par·</strong></span> <span class='ocrx_word' id='word_1_220' title='bbox 1145 2346 1180 2399; x_wconf 77' lang='lat'><strong>25</strong></span> 
     </span>
     <span class='ocr_line' id='line_1_27' title="bbox 146 2420 1131 2498; baseline 0.001 -21"><span class='ocrx_word' id='word_1_221' title='bbox 146 2420 199 2478; x_wconf 89' lang='lat' dir='ltr'><strong>tim</strong></span> <span class='ocrx_word' id='word_1_222' title='bbox 213 2422 266 2496; x_wconf 88' lang='lat' dir='ltr'><strong>ipsi</strong></span> <span class='ocrx_word' id='word_1_223' title='bbox 279 2422 310 2480; x_wconf 90' lang='lat' dir='ltr'><strong>in</strong></span> <span class='ocrx_word' id='word_1_224' title='bbox 324 2422 397 2480; x_wconf 81' lang='lat' dir='ltr'><strong>Asiti</strong></span> <span class='ocrx_word' id='word_1_225' title='bbox 411 2423 601 2498; x_wconf 81' lang='lat' dir='ltr'><strong>negotiantur,</strong></span> <span class='ocrx_word' id='word_1_226' title='bbox 616 2421 721 2495; x_wconf 88' lang='lat' dir='ltr'><strong>quibus</strong></span> <span class='ocrx_word' id='word_1_227' title='bbox 734 2441 783 2479; x_wconf 81' lang='lat' dir='ltr'><strong>vos</strong></span> <span class='ocrx_word' id='word_1_228' title='bbox 797 2422 962 2479; x_wconf 85' lang='lat' dir='ltr'><strong>absentibus</strong></span> <span class='ocrx_word' id='word_1_229' title='bbox 982 2422 1131 2478; x_wconf 88' lang='lat' dir='ltr'><strong>consulere</strong></span> 
     </span>
     <span class='ocr_line' id='line_1_28' title="bbox 145 2499 1130 2576; baseline 0.002 -21"><span class='ocrx_word' id='word_1_230' title='bbox 145 2499 257 2556; x_wconf 89' lang='lat' dir='ltr'><strong>debetis</strong></span> <span class='ocrx_word' id='word_1_231' title='bbox 261 2502 386 2576; x_wconf 58' lang='lat' dir='ltr'><strong>,partim</strong></span> <span class='ocrx_word' id='word_1_232' title='bbox 395 2520 461 2557; x_wconf 90' lang='lat' dir='ltr'><strong>suas</strong></span> <span class='ocrx_word' id='word_1_233' title='bbox 470 2511 498 2558; x_wconf 93' lang='lat' dir='ltr'><strong>et</strong></span> <span class='ocrx_word' id='word_1_234' title='bbox 503 2518 617 2558; x_wconf 90' lang='lat' dir='ltr'><strong>suorum</strong></span> <span class='ocrx_word' id='word_1_235' title='bbox 628 2501 657 2558; x_wconf 91' lang='lat' dir='ltr'><strong>in</strong></span> <span class='ocrx_word' id='word_1_236' title='bbox 666 2500 703 2557; x_wconf 76' lang='lat' dir='ltr'><strong>eri</strong></span> <span class='ocrx_word' id='word_1_237' title='bbox 710 2501 855 2576; x_wconf 74' lang='lat' dir='ltr'><strong>provincii</strong></span> <span class='ocrx_word' id='word_1_238' title='bbox 863 2500 1002 2576; x_wconf 83' lang='lat' dir='ltr'><strong>pecunias</strong></span> <span class='ocrx_word' id='word_1_239' title='bbox 1011 2518 1130 2575; x_wconf 85' lang='lat' dir='ltr'><strong>magnas</strong></span> 
     </span>
     <span class='ocr_line' id='line_1_29' title="bbox 146 2578 1129 2654; baseline 0 -19"><span class='ocrx_word' id='word_1_240' title='bbox 146 2578 300 2635; x_wconf 81' lang='lat' dir='ltr'><strong>collocatas</strong></span> <span class='ocrx_word' id='word_1_241' title='bbox 320 2579 435 2636; x_wconf 86' lang='lat' dir='ltr'><strong>habent.</strong></span> <span class='ocrx_word' id='word_1_242' title='bbox 477 2579 541 2636; x_wconf 89' lang='lat' dir='ltr'><strong>Erit</strong></span> <span class='ocrx_word' id='word_1_243' title='bbox 561 2578 648 2654; x_wconf 82' lang='lat' dir='ltr'><strong>igitur</strong></span> <span class='ocrx_word' id='word_1_244' title='bbox 670 2579 856 2637; x_wconf 90' lang='lat' dir='ltr'><strong>humanitatis</strong></span> <span class='ocrx_word' id='word_1_245' title='bbox 869 2589 978 2649; x_wconf 80' lang='lat' dir='ltr'><strong>vestrae,</strong></span> <span class='ocrx_word' id='word_1_246' title='bbox 992 2597 1129 2654; x_wconf 86' lang='lat' dir='ltr'><strong>magnum</strong></span> 
     </span>
     <span class='ocr_line' id='line_1_30' title="bbox 144 2657 1208 2734; baseline 0.001 -21"><span class='ocrx_word' id='word_1_247' title='bbox 144 2675 244 2713; x_wconf 86' lang='lat' dir='ltr'><strong>eorum</strong></span> <span class='ocrx_word' id='word_1_248' title='bbox 264 2657 371 2714; x_wconf 82' lang='lat' dir='ltr'><strong>civium</strong></span> <span class='ocrx_word' id='word_1_249' title='bbox 391 2677 543 2716; x_wconf 90' lang='lat' dir='ltr'><strong>numerum</strong></span> <span class='ocrx_word' id='word_1_250' title='bbox 557 2657 722 2715; x_wconf 80' lang='lat' dir='ltr'><strong>calamitate</strong></span> <span class='ocrx_word' id='word_1_251' title='bbox 735 2657 900 2734; x_wconf 87' lang='lat' dir='ltr'><strong>prohibere;</strong></span> <span class='ocrx_word' id='word_1_252' title='bbox 921 2658 1078 2733; x_wconf 78' lang='lat' dir='ltr'><strong>sapientiae,</strong></span> <span class='ocrx_word' id='word_1_253' title='bbox 1092 2659 1131 2714; x_wconf 87' lang='lat' dir='ltr'><strong>vi·</strong></span> <span class='ocrx_word' id='word_1_254' title='bbox 1206 2726 1208 2731; x_wconf 18' lang='grc' dir='ltr'><strong><em>ι</em></strong></span> 
     </span>
     <span class='ocr_line' id='line_1_31' title="bbox 145 2736 1180 2812; baseline 0.004 -21"><span class='ocrx_word' id='word_1_255' title='bbox 145 2736 224 2805; x_wconf 90' lang='lat' dir='ltr'><strong>dere,</strong></span> <span class='ocrx_word' id='word_1_256' title='bbox 248 2736 401 2794; x_wconf 86' lang='lat' dir='ltr'><strong>multorum</strong></span> <span class='ocrx_word' id='word_1_257' title='bbox 422 2737 529 2795; x_wconf 80' lang='lat' dir='ltr'><strong>civium</strong></span> <span class='ocrx_word' id='word_1_258' title='bbox 549 2736 745 2794; x_wconf 87' lang='lat' dir='ltr'><strong>calamitatem</strong></span> <span class='ocrx_word' id='word_1_259' title='bbox 766 2737 950 2812; x_wconf 74' lang='lat' dir='ltr'><strong>erepublica</strong></span> <span class='ocrx_word' id='word_1_260' title='bbox 970 2736 1131 2812; x_wconf 87' lang='lat' dir='ltr'><strong>sejunctam</strong></span> <span class='ocrx_word' id='word_1_261' title='bbox 1144 2741 1180 2795; x_wconf 83' lang='lat'><strong>30</strong></span> 
     </span>
     <span class='ocr_line' id='line_1_32' title="bbox 145 2814 1132 2891; baseline 0.002 -22"><span class='ocrx_word' id='word_1_262' title='bbox 145 2832 208 2870; x_wconf 86' lang='lat' dir='ltr'><strong>esse</strong></span> <span class='ocrx_word' id='word_1_263' title='bbox 222 2833 279 2871; x_wconf 92' lang='lat' dir='ltr'><strong>non</strong></span> <span class='ocrx_word' id='word_1_264' title='bbox 292 2834 382 2890; x_wconf 86' lang='lat' dir='ltr'><strong>posse.</strong></span> <span class='ocrx_word' id='word_1_265' title='bbox 423 2814 540 2874; x_wconf 87' lang='lat' dir='ltr'><strong>Etenim</strong></span> <span class='ocrx_word' id='word_1_266' title='bbox 561 2815 632 2872; x_wconf 91' lang='lat' dir='ltr'><strong>illud</strong></span> <span class='ocrx_word' id='word_1_267' title='bbox 651 2815 774 2891; x_wconf 87' lang='lat' dir='ltr'><strong>primurn</strong></span> <span class='ocrx_word' id='word_1_268' title='bbox 795 2816 873 2890; x_wconf 89' lang='lat' dir='ltr'><strong>parvi</strong></span> <span class='ocrx_word' id='word_1_269' title='bbox 892 2815 987 2885; x_wconf 90' lang='lat' dir='ltr'><strong>refert,</strong></span> <span class='ocrx_word' id='word_1_270' title='bbox 1001 2835 1049 2873; x_wconf 83' lang='lat' dir='ltr'><strong>vos</strong></span> <span class='ocrx_word' id='word_1_271' title='bbox 1063 2816 1132 2891; x_wconf 92' lang='lat' dir='ltr'><strong>pub-</strong></span> 
     </span>
     <span class='ocr_line' id='line_1_33' title="bbox 145 2891 1132 2970; baseline 0.003 -22"><span class='ocrx_word' id='word_1_272' title='bbox 145 2891 249 2950; x_wconf 90' lang='lat' dir='ltr'><strong>licanis</strong></span> <span class='ocrx_word' id='word_1_273' title='bbox 263 2894 368 2951; x_wconf 87' lang='lat' dir='ltr'><strong>amissa</strong></span> <span class='ocrx_word' id='word_1_274' title='bbox 381 2894 534 2970; x_wconf 81' lang='lat' dir='ltr'><strong>vectigalia</strong></span> <span class='ocrx_word' id='word_1_275' title='bbox 550 2903 648 2969; x_wconf 89' lang='lat' dir='ltr'><strong>postea</strong></span> <span class='ocrx_word' id='word_1_276' title='bbox 668 2894 788 2951; x_wconf 75' lang='lat' dir='ltr'><strong>victorii</strong></span> <span class='ocrx_word' id='word_1_277' title='bbox 809 2912 986 2969; x_wconf 81' lang='lat' dir='ltr'><strong>recuperare.</strong></span> <span class='ocrx_word' id='word_1_278' title='bbox 1027 2892 1132 2968; x_wconf 88' lang='lat' dir='ltr'><strong>Neque</strong></span> 
     </span>
     <span class='ocr_line' id='line_1_34' title="bbox 145 2971 1131 3049; baseline 0.002 -22"><span class='ocrx_word' id='word_1_279' title='bbox 145 2971 224 3027; x_wconf 91' lang='lat' dir='ltr'><strong>enim</strong></span> <span class='ocrx_word' id='word_1_280' title='bbox 252 2972 353 3030; x_wconf 91' lang='lat' dir='ltr'><strong>iisdem</strong></span> <span class='ocrx_word' id='word_1_281' title='bbox 380 2973 540 3031; x_wconf 88' lang='lat' dir='ltr'><strong>redimendi</strong></span> <span class='ocrx_word' id='word_1_282' title='bbox 568 2973 691 3030; x_wconf 81' lang='lat' dir='ltr'><strong>facultas</strong></span> <span class='ocrx_word' id='word_1_283' title='bbox 711 2973 775 3044; x_wconf 90' lang='lat' dir='ltr'><strong>erit,</strong></span> <span class='ocrx_word' id='word_1_284' title='bbox 796 2983 907 3049; x_wconf 87' lang='lat' dir='ltr'><strong>propter</strong></span> <span class='ocrx_word' id='word_1_285' title='bbox 928 2974 1131 3043; x_wconf 85' lang='lat' dir='ltr'><strong>calamitatem,</strong></span> 
     </span>
     <span class='ocr_line' id='line_1_35' title="bbox 145 3050 1070 3127; baseline 0.002 -21"><span class='ocrx_word' id='word_1_286' title='bbox 145 3068 241 3122; x_wconf 90' lang='lat' dir='ltr'><strong>neque</strong></span> <span class='ocrx_word' id='word_1_287' title='bbox 255 3050 319 3106; x_wconf 90' lang='lat' dir='ltr'><strong>aliis</strong></span> <span class='ocrx_word' id='word_1_288' title='bbox 332 3051 471 3121; x_wconf 85' lang='lat' dir='ltr'><strong>voluntas,</strong></span> <span class='ocrx_word' id='word_1_289' title='bbox 484 3063 597 3127; x_wconf 91' lang='lat' dir='ltr'><strong>propter</strong></span> <span class='ocrx_word' id='word_1_290' title='bbox 610 3051 751 3109; x_wconf 86' lang='lat' dir='ltr'><strong>timorem.</strong></span> <span class='ocrx_word' id='word_1_291' title='bbox 1066 3114 1070 3124; x_wconf 34' lang='grc' dir='ltr'>Ι</span> 
     </span>
     <span class='ocr_line' id='line_1_36' title="bbox 171 3127 1181 3205; baseline 0.001 -21"><span class='ocrx_word' id='word_1_292' title='bbox 171 3127 312 3198; x_wconf 78' lang='lat' dir='ltr'><strong>Deinde,</strong></span> <span class='ocrx_word' id='word_1_293' title='bbox 326 3129 402 3202; x_wconf 90' lang='lat' dir='ltr'><strong>quod</strong></span> <span class='ocrx_word' id='word_1_294' title='bbox 416 3148 467 3186; x_wconf 90' lang='lat' dir='ltr'><strong>nos</strong></span> <span class='ocrx_word' id='word_1_295' title='bbox 480 3129 581 3186; x_wconf 89' lang='lat' dir='ltr'><strong>eadem</strong></span> <span class='ocrx_word' id='word_1_296' title='bbox 596 3129 669 3186; x_wconf 88' lang='lat' dir='ltr'><strong>Asia</strong></span> <span class='ocrx_word' id='word_1_297' title='bbox 684 3141 769 3205; x_wconf 87' lang='lat' dir='ltr'><strong>atque</strong></span> <span class='ocrx_word' id='word_1_298' title='bbox 780 3131 858 3188; x_wconf 93' lang='lat' dir='ltr'><strong>idem</strong></span> <span class='ocrx_word' id='word_1_299' title='bbox 872 3129 926 3187; x_wconf 92' lang='lat' dir='ltr'><strong>iste</strong></span> <span class='ocrx_word' id='word_1_300' title='bbox 939 3129 1181 3200; x_wconf 51' lang='lat' dir='ltr'><strong>Mithridates&amp;</strong></span> 
     </span>
     <span class='ocr_line' id='line_1_37' title="bbox 147 3205 1131 3282; baseline 0.003 -20"><span class='ocrx_word' id='word_1_301' title='bbox 147 3205 231 3263; x_wconf 90' lang='lat' dir='ltr'><strong>initio</strong></span> <span class='ocrx_word' id='word_1_302' title='bbox 241 3206 308 3263; x_wconf 92' lang='lat' dir='ltr'><strong>belli</strong></span> <span class='ocrx_word' id='word_1_303' title='bbox 319 3207 454 3276; x_wconf 86' lang='lat' dir='ltr'><strong>Asiatici,</strong></span> <span class='ocrx_word' id='word_1_304' title='bbox 466 3208 564 3265; x_wconf 91' lang='lat' dir='ltr'><strong>docuit</strong></span> <span class='ocrx_word' id='word_1_305' title='bbox 574 3228 582 3277; x_wconf 94' lang='lat'>;</span> <span class='ocrx_word' id='word_1_306' title='bbox 603 3208 633 3265; x_wconf 90' lang='lat' dir='ltr'><strong>id</strong></span> <span class='ocrx_word' id='word_1_307' title='bbox 642 3209 758 3282; x_wconf 89' lang='lat' dir='ltr'><strong>quidem</strong></span> <span class='ocrx_word' id='word_1_308' title='bbox 769 3208 860 3280; x_wconf 75' lang='lat' dir='ltr'><strong>certe,</strong></span> <span class='ocrx_word' id='word_1_309' title='bbox 871 3207 1035 3265; x_wconf 90' lang='lat' dir='ltr'><strong>calamitate</strong></span> <span class='ocrx_word' id='word_1_310' title='bbox 1045 3209 1131 3278; x_wconf 89' lang='lat' dir='ltr'><strong>docti,</strong></span> 
     </span>
     <span class='ocr_line' id='line_1_38' title="bbox 146 3285 1132 3346; baseline 0.005 -6"><span class='ocrx_word' id='word_1_311' title='bbox 146 3285 285 3342; x_wconf 74' lang='lat' dir='ltr'><strong>memorii</strong></span> <span class='ocrx_word' id='word_1_312' title='bbox 312 3286 436 3343; x_wconf 90' lang='lat' dir='ltr'><strong>retinere</strong></span> <span class='ocrx_word' id='word_1_313' title='bbox 463 3286 609 3343; x_wconf 87' lang='lat' dir='ltr'><strong>debemus.</strong></span> <span class='ocrx_word' id='word_1_314' title='bbox 650 3287 729 3344; x_wconf 92' lang='lat' dir='ltr'><strong>Nam</strong></span> <span class='ocrx_word' id='word_1_315' title='bbox 755 3298 816 3345; x_wconf 92' lang='lat' dir='ltr'><strong>tum</strong></span> <span class='ocrx_word' id='word_1_316' title='bbox 844 3285 912 3346; x_wconf 76' lang='lat' dir='ltr'><strong>crim</strong></span> <span class='ocrx_word' id='word_1_317' title='bbox 938 3287 968 3344; x_wconf 91' lang='lat' dir='ltr'><strong>in</strong></span> <span class='ocrx_word' id='word_1_318' title='bbox 991 3287 1063 3343; x_wconf 71' lang='lat' dir='ltr'><strong>Asia</strong></span> <span class='ocrx_word' id='word_1_319' title='bbox 1087 3307 1132 3345; x_wconf 91' lang='lat' dir='ltr'><strong>res</strong></span> 
     </span>
     <span class='ocr_line' id='line_1_39' title="bbox 147 3364 1132 3442; baseline 0.002 -22"><span class='ocrx_word' id='word_1_320' title='bbox 147 3381 268 3438; x_wconf 84' lang='lat' dir='ltr'><strong>magnas</strong></span> <span class='ocrx_word' id='word_1_321' title='bbox 286 3364 420 3439; x_wconf 89' lang='lat' dir='ltr'><strong>permulti</strong></span> <span class='ocrx_word' id='word_1_322' title='bbox 441 3365 605 3435; x_wconf 88' lang='lat' dir='ltr'><strong>amiserant,</strong></span> <span class='ocrx_word' id='word_1_323' title='bbox 626 3366 743 3437; x_wconf 89' lang='lat' dir='ltr'><strong>scimus,</strong></span> <span class='ocrx_word' id='word_1_324' title='bbox 758 3367 872 3437; x_wconf 78' lang='lat' dir='ltr'><strong>Roma,</strong></span> <span class='ocrx_word' id='word_1_325' title='bbox 886 3365 1025 3424; x_wconf 87' lang='lat' dir='ltr'><strong>solutione</strong></span> <span class='ocrx_word' id='word_1_326' title='bbox 1045 3366 1132 3442; x_wconf 86' lang='lat' dir='ltr'><strong>impe-</strong></span> 
     </span>
     <span class='ocr_line' id='line_1_40' title="bbox 74 3440 1131 3521; baseline 0.006 -23"><span class='ocrx_word' id='word_1_327' title='bbox 74 3463 79 3473; x_wconf 61' lang='lat'><strong>*</strong></span> <span class='ocrx_word' id='word_1_328' title='bbox 147 3440 217 3512; x_wconf 77' lang='lat' dir='ltr'><strong>dita,</strong></span> <span class='ocrx_word' id='word_1_329' title='bbox 239 3442 324 3500; x_wconf 90' lang='lat' dir='ltr'><strong>fidem</strong></span> <span class='ocrx_word' id='word_1_330' title='bbox 346 3443 515 3501; x_wconf 85' lang='lat' dir='ltr'><strong>concidisse.</strong></span> <span class='ocrx_word' id='word_1_331' title='bbox 556 3442 624 3501; x_wconf 91' lang='lat' dir='ltr'><strong>Non</strong></span> <span class='ocrx_word' id='word_1_332' title='bbox 645 3445 723 3502; x_wconf 90' lang='lat' dir='ltr'><strong>enim</strong></span> <span class='ocrx_word' id='word_1_333' title='bbox 745 3457 863 3521; x_wconf 88' lang='lat' dir='ltr'><strong>possunt</strong></span> <span class='ocrx_word' id='word_1_334' title='bbox 887 3445 944 3502; x_wconf 79' lang='lat' dir='ltr'><strong>uari</strong></span> <span class='ocrx_word' id='word_1_335' title='bbox 965 3445 994 3502; x_wconf 90' lang='lat' dir='ltr'><strong>iu</strong></span> <span class='ocrx_word' id='word_1_336' title='bbox 1015 3446 1131 3504; x_wconf 90' lang='lat' dir='ltr'><strong>civitate</strong></span> 
     </span>
     <span class='ocr_line' id='line_1_41' title="bbox 147 3520 1181 3601; baseline 0.008 -26"><span class='ocrx_word' id='word_1_337' title='bbox 147 3520 228 3577; x_wconf 91' lang='lat' dir='ltr'><strong>multi</strong></span> <span class='ocrx_word' id='word_1_338' title='bbox 249 3540 310 3579; x_wconf 89' lang='lat' dir='ltr'><strong>rem</strong></span> <span class='ocrx_word' id='word_1_339' title='bbox 331 3531 416 3596; x_wconf 90' lang='lat' dir='ltr'><strong>atque</strong></span> <span class='ocrx_word' id='word_1_340' title='bbox 437 3522 564 3580; x_wconf 89' lang='lat' dir='ltr'><strong>fortunas</strong></span> <span class='ocrx_word' id='word_1_341' title='bbox 585 3524 772 3593; x_wconf 68' lang='lat' dir='ltr'><strong>amitterent</strong></span> <span class='ocrx_word' id='word_1_342' title='bbox 791 3545 849 3582; x_wconf 89' lang='lat' dir='ltr'><strong>non</strong></span> <span class='ocrx_word' id='word_1_343' title='bbox 869 3523 963 3601; x_wconf 89' lang='lat' dir='ltr'><strong>plures</strong></span> <span class='ocrx_word' id='word_1_344' title='bbox 981 3545 1079 3583; x_wconf 91' lang='lat' dir='ltr'><strong>secum</strong></span> <span class='ocrx_word' id='word_1_345' title='bbox 1101 3526 1130 3583; x_wconf 91' lang='lat' dir='ltr'><strong>in</strong></span> <span class='ocrx_word' id='word_1_346' title='bbox 1146 3533 1181 3583; x_wconf 75' lang='lat'><strong>40</strong></span> 
     </span>
     <span class='ocr_line' id='line_1_42' title="bbox 147 3600 1132 3680; baseline 0.004 -24"><span class='ocrx_word' id='word_1_347' title='bbox 147 3600 270 3657; x_wconf 85' lang='lat' dir='ltr'><strong>eandem</strong></span> <span class='ocrx_word' id='word_1_348' title='bbox 300 3600 493 3679; x_wconf 88' lang='lat' dir='ltr'><strong>calamitatem</strong></span> <span class='ocrx_word' id='word_1_349' title='bbox 519 3602 643 3659; x_wconf 89' lang='lat' dir='ltr'><strong>trahant.</strong></span> <span class='ocrx_word' id='word_1_350' title='bbox 686 3603 714 3658; x_wconf 88' lang='lat' dir='ltr'>A</span> <span class='ocrx_word' id='word_1_351' title='bbox 744 3623 800 3678; x_wconf 92' lang='lat' dir='ltr'><strong>quo</strong></span> <span class='ocrx_word' id='word_1_352' title='bbox 826 3604 955 3680; x_wconf 89' lang='lat' dir='ltr'><strong>periculo</strong></span> <span class='ocrx_word' id='word_1_353' title='bbox 984 3605 1132 3678; x_wconf 86' lang='lat' dir='ltr'><strong>prohibete</strong></span> 
     </span>
     <span class='ocr_line' id='line_1_43' title="bbox 148 3675 1131 3759; baseline 0.004 -26"><span class='ocrx_word' id='word_1_354' title='bbox 148 3679 364 3755; x_wconf 88' lang='lat' dir='ltr'><strong>rempublicam,</strong></span> <span class='ocrx_word' id='word_1_355' title='bbox 375 3680 485 3738; x_wconf 87' lang='lat' dir='ltr'><strong>etmihi</strong></span> <span class='ocrx_word' id='word_1_356' title='bbox 496 3680 615 3752; x_wconf 88' lang='lat' dir='ltr'><strong>credite,</strong></span> <span class='ocrx_word' id='word_1_357' title='bbox 628 3678 682 3756; x_wconf 86' lang='lat' dir='ltr'><strong>(id,</strong></span> <span class='ocrx_word' id='word_1_358' title='bbox 694 3675 769 3756; x_wconf 81' lang='lat' dir='ltr'><strong>quod</strong></span> <span class='ocrx_word' id='word_1_359' title='bbox 783 3682 836 3758; x_wconf 91' lang='lat' dir='ltr'><strong>ipsi</strong></span> <span class='ocrx_word' id='word_1_360' title='bbox 849 3682 965 3759; x_wconf 87' lang='lat' dir='ltr'><strong>videtis)</strong></span> <span class='ocrx_word' id='word_1_361' title='bbox 978 3683 1040 3739; x_wconf 86' lang='lat' dir='ltr'><strong>haec</strong></span> <span class='ocrx_word' id='word_1_362' title='bbox 1051 3681 1131 3750; x_wconf 77' lang='lat' dir='ltr'><strong>fides,</strong></span> 
     </span>
     <span class='ocr_line' id='line_1_44' title="bbox 149 3757 1134 3834; baseline 0.002 -22"><span class='ocrx_word' id='word_1_363' title='bbox 149 3766 233 3830; x_wconf 87' lang='lat' dir='ltr'><strong>atque</strong></span> <span class='ocrx_word' id='word_1_364' title='bbox 253 3757 316 3815; x_wconf 77' lang='lat' dir='ltr'><strong>hac</strong></span> <span class='ocrx_word' id='word_1_365' title='bbox 336 3759 409 3816; x_wconf 86' lang='lat' dir='ltr'><strong>ratio</strong></span> <span class='ocrx_word' id='word_1_366' title='bbox 428 3759 627 3834; x_wconf 87' lang='lat' dir='ltr'><strong>pecuniarum,</strong></span> <span class='ocrx_word' id='word_1_367' title='bbox 649 3779 713 3833; x_wconf 84' lang='lat' dir='ltr'><strong>quae</strong></span> <span class='ocrx_word' id='word_1_368' title='bbox 733 3760 846 3830; x_wconf 75' lang='lat' dir='ltr'><strong>Roma,</strong></span> <span class='ocrx_word' id='word_1_369' title='bbox 860 3780 923 3834; x_wconf 77' lang='lat' dir='ltr'><strong>que</strong></span> <span class='ocrx_word' id='word_1_370' title='bbox 943 3760 973 3816; x_wconf 93' lang='lat' dir='ltr'><strong>in</strong></span> <span class='ocrx_word' id='word_1_371' title='bbox 994 3759 1054 3817; x_wconf 90' lang='lat' dir='ltr'><strong>foro</strong></span> <span class='ocrx_word' id='word_1_372' title='bbox 1074 3777 1134 3814; x_wconf 89' lang='lat' dir='ltr'><strong>ver·</strong></span> 
     </span>
     <span class='ocr_line' id='line_1_45' title="bbox 149 3837 1330 3921; baseline 0.002 -31"><span class='ocrx_word' id='word_1_373' title='bbox 149 3847 237 3906; x_wconf 87' lang='lat' dir='ltr'><strong>satur,</strong></span> <span class='ocrx_word' id='word_1_374' title='bbox 252 3837 391 3910; x_wconf 90' lang='lat' dir='ltr'><strong>implicita</strong></span> <span class='ocrx_word' id='word_1_375' title='bbox 404 3847 447 3894; x_wconf 88' lang='lat' dir='ltr'><strong>cst</strong></span> <span class='ocrx_word' id='word_1_376' title='bbox 467 3856 534 3909; x_wconf 88' lang='lat' dir='ltr'><strong>cum</strong></span> <span class='ocrx_word' id='word_1_377' title='bbox 555 3837 612 3897; x_wconf 86' lang='lat' dir='ltr'><strong>illis</strong></span> <span class='ocrx_word' id='word_1_378' title='bbox 628 3838 763 3917; x_wconf 72' lang='lat' dir='ltr'><strong>pecun&#39;s</strong></span> <span class='ocrx_word' id='word_1_379' title='bbox 781 3838 934 3921; x_wconf 52' lang='lat' dir='ltr'><strong>Asiaticis,</strong></span> <span class='ocrx_word' id='word_1_380' title='bbox 949 3848 978 3893; x_wconf 89' lang='lat' dir='ltr'><strong>et</strong></span> <span class='ocrx_word' id='word_1_381' title='bbox 998 3904 1002 3911; x_wconf 84' lang='lat'><em>.</em></span> <span class='ocrx_word' id='word_1_382' title='bbox 1082 3844 1145 3917; x_wconf 76' lang='lat' dir='ltr'><strong>ret,</strong></span> <span class='ocrx_word' id='word_1_383' title='bbox 1202 3892 1261 3917; x_wconf 71' lang='lat'><strong>=..-</strong></span> <span class='ocrx_word' id='word_1_384' title='bbox 1315 3892 1330 3905; x_wconf 50' lang='grc'>,</span> 
     </span>
     <span class='ocr_line' id='line_1_46' title="bbox 150 3894 1239 3993; baseline -0.003 -24"><span class='ocrx_word' id='word_1_385' title='bbox 150 3912 250 3985; x_wconf 83' lang='lat' dir='ltr'><strong>Rnere</strong></span> <span class='ocrx_word' id='word_1_386' title='bbox 264 3914 312 3986; x_wconf 77' lang='lat' dir='ltr'><strong>illa</strong></span> <span class='ocrx_word' id='word_1_387' title='bbox 326 3934 383 3986; x_wconf 76' lang='lat' dir='ltr'><strong>non</strong></span> <span class='ocrx_word' id='word_1_388' title='bbox 396 3925 525 3993; x_wconf 76' lang='lat' dir='ltr'><strong>possunt,</strong></span> <span class='ocrx_word' id='word_1_389' title='bbox 539 3894 713 3972; x_wconf 43' lang='lat' dir='ltr'><strong>ninnive</strong></span> <span class='ocrx_word' id='word_1_390' title='bbox 753 3899 853 3972; x_wconf 60' lang='lat' dir='ltr'><strong>eodem</strong></span> <span class='ocrx_word' id='word_1_391' title='bbox 871 3908 1044 3993; x_wconf 73' lang='lat' dir='ltr'><strong>labefactata</strong></span> <span class='ocrx_word' id='word_1_392' title='bbox 1104 3898 1219 3966; x_wconf 47' lang='lat' dir='ltr'><strong>aa&amp;</strong></span> <span class='ocrx_word' id='word_1_393' title='bbox 1235 3924 1239 3931; x_wconf 83' lang='grc'><em>’</em></span> 
     </span>
    </p>
   </div>
   <div class='ocr_carea' id='block_1_3' title="bbox 0 0 1361 4484">
    <p class='ocr_par' dir='ltr' id='par_1_3' title="bbox 0 0 1361 4484">
     <span class='ocr_line' id='line_1_47' title="bbox 0 0 1361 4484; baseline 0 0"><span class='ocrx_word' id='word_1_394' title='bbox 0 0 1361 4484; x_wconf 95' lang='lat' dir='ltr'><strong> </strong></span> 
     </span>
    </p>
   </div>
  </div>
 </body>
</html>
