2692 4484
160 327 200 387 74
471 318 607 369 orario
629 317 700 368 rao
722 319 756 378 a.
777 282 932 367 maimo

212 465 281 534 bito,
297 462 365 538 quin
386 434 542 520 admiratus
568 463 617 534 sis,
638 461 683 519 vel
709 460 787 537 qubd
807 461 844 518 de
863 460 944 519 nullo
963 459 1020 518 alio
1039 461 1204 538 quisquam,

212 543 257 600 vel
281 542 357 617 quod
379 541 405 599 is
426 542 476 617 qui
499 542 530 599 in
553 542 656 599 eadem
678 540 767 598 cansa
787 539 897 610 lirisset,
912 540 956 597 vel
977 540 1115 614 quidnam
1135 542 1204 600 novi

150 666 158 679 .
212 621 348 679 facinoris
362 620 484 678 afferret
525 621 629 678 Scelus
647 630 681 677 tu
695 619 766 676 illud
780 636 874 689 vocas,
888 617 1029 676 Tuberol
1051 621 1124 677 curl
1146 621 1206 679 isto

213 699 291 757 enim
311 699 427 757 nomine
447 698 498 759 illa
518 699 613 756 adbuc
633 717 724 756 causa
737 696 844 780 ,caruit
886 697 949 754 Alii
968 717 1094 765 errorem
1108 701 1204 774 appel·

177 777 289 847 5lant3
311 777 370 848 alii,
390 778 540 847 timorem3
567 777 617 851 qni
637 775 748 846 durius,
768 795 859 852 spem,
879 776 1077 852 cupiditatem,
1090 778 1202 848 odium,

211 856 419 932 pertinaciam
440 856 490 931 qui
503 854 682 933 gravissime,
697 855 905 912 temeritatem:
926 853 1032 926 scelus,
1045 865 1146 931 praeter
1161 866 1201 927 te,

213 935 309 992 adhuc
322 953 415 993 nemo
455 934 504 992 Ae
516 934 588 991 mihi
601 934 728 1008 quidem,
743 933 768 990 si
780 933 923 1010 proprium
938 943 968 991 et
981 952 1079 991 verum
1094 953 1200 992 nomeu

212 1014 302 1071 nostri
329 1013 397 1070 mali
424 1023 576 1087 queratur,
604 1013 699 1070 fatalis
725 1011 856 1087 quaedam
884 1011 1033 1070 calamitas
1062 1013 1202 1071 incidisse

212 1093 334 1163 videtur,
365 1102 394 1149 et
423 1091 594 1168 improvidas
623 1090 774 1151 hominum
798 1100 910 1149 mentes
935 1090 1140 1166 occupavisse;
1167 1102 1201 1150 ut

163 1175 196 1229 1⁰
213 1189 299 1229 nemo
317 1170 416 1229 mirari
436 1170 550 1241 debeat,
564 1170 692 1226 humana
704 1164 826 1226 consilia
839 1168 937 1226 divinia
950 1170 1123 1237 necessitate
1136 1191 1200 1229 esse

212 1259 354 1326 superata
838 1256 839 1259 ’

253 1328 356 1387 Liceat
369 1347 432 1386 esse
445 1328 580 1386 miseros:
601 1345 776 1403 quanquam,
790 1328 846 1387 hoc
859 1327 977 1400 victore,
991 1348 1053 1386 esse
1067 1348 1124 1387 nou
1136 1349 1201 1405 pos-

214 1425 321 1464 sumus.
363 1407 422 1465 Sed
442 1427 500 1465 non
519 1407 618 1480 loquor
638 1407 675 1464 de
695 1406 796 1464 nobis:
818 1406 854 1464 de
868 1407 925 1464 illis
937 1407 1046 1481 loquor,
1060 1409 1109 1482 qui
1122 1409 1217 1465 occi-⁰

214 1486 326 1543 derunt.
369 1484 491 1543 Fuerint
517 1485 626 1561 cupidi,
653 1484 760 1542 fuerint
787 1485 862 1555 irati,
887 1485 993 1543 luerint
1017 1486 1198 1561 pertinaces:

164 1568 196 1621 1⁵
213 1564 332 1622 sceleris
351 1561 419 1620 verb
440 1564 571 1634 crimine,
587 1562 700 1633 suroris,
712 1564 871 1639 parricidii,
885 1564 973 1620 liceat
993 1563 1047 1621 Cn.
1062 1564 1200 1640 Pompeio

213 1653 334 1713 mortuo,
354 1642 442 1700 liceat
461 1642 559 1698 multis
580 1641 654 1711 aliis,
675 1660 783 1698 carere.
823 1641 954 1703 Quando
973 1642 1028 1699 hoo
1048 1641 1200 1716 quisquam

213 1742 249 1779 ex
268 1732 307 1791 te,
327 1721 436 1791 Caesar,
456 1721 587 1795 ,audiritl
608 1728 661 1795 put
681 1730 729 1776 tua
751 1719 821 1794 quid
842 1720 1020 1791 aliudsarma
1039 1720 1203 1807 rqluerunt„

213 1800 269 1857 nisi
290 1810 356 1857 ate
376 1790 580 1856 coutumeliam
606 1792 790 1874 propulsarel
822 1799 897 1872 quid·
911 1782 1062 1875 ‹igit'tu'us
1089 1799 1136 1857 ille
1156 1800 1199 1857 in·
1279 1792 1286 1801 ’

213 1879 306 1936 vietus
335 1878 488 1948 exercitus,
516 1877 573 1935 nisi
602 1887 637 1934 ut
663 1895 748 1932 suum
774 1876 822 1951 jus
851 1874 988 1948 tueretur}
1018 1887 1048 1934 et
1077 1878 1197 1954 dignita-

160 1966 196 2021 uo
213 1968 272 2014 tem
297 1958 399 2017 tuaml
431 1957 537 2018 Quidl
567 1966 609 2025 tn,
637 1954 705 2013 cirin
732 1973 835 2031 pacem
864 1974 928 2013 esse
958 1956 1103 2032 cupiebas,
1130 1957 1200 2014 idne

214 2037 330 2117 agebas,
349 2045 383 2093 nt
402 2036 456 2094 tibi
482 2054 550 2093 cum
576 2034 734 2104 sceleratis,
755 2052 793 2092 an
819 2038 856 2091 ut'
874 2053 942 2093 cum
968 2034 1058 2093 bonis.
1076 2035 1197 2104 civibus,

213 2116 401 2175 conveniret?

253 2192 329 2251 Mihi
349 2191 427 2265 verri,
442 2193 550 2265 Caesar,
564 2203 615 2252 tna
634 2194 666 2253 in
686 2213 735 2271 inq
753 2192 878 2271 maxima
897 2193 1000 2253 merita
1018 2202 1102 2277 tanta
1178 2190 1196 2248 e

104 2285 107 2290 '
176 2266 182 2339 Ξ
212 2292 270 2330 non
283 2272 457 2343 viderentur,
472 2272 497 2330 si
510 2292 567 2344 me,
582 2283 613 2330 ut
627 2268 809 2347 sceleratum,
824 2291 841 2330 a
855 2283 883 2330 te
901 2254 1136 2348 conseruatum‘p
1156 2281 1198 2328 ta·

160 2355 195 2408 25
212 2367 285 2408 rem:
322 2350 478 2413 Quomodo
498 2362 594 2410 autem
614 2360 645 2410 tu
666 2353 702 2409 de
723 2352 870 2428 republicis
888 2349 962 2408 bene
977 2351 1096 2408 meritus
1109 2369 1197 2421 esses,

213 2429 237 2485 si
257 2438 298 2485 tot
318 2429 472 2486 sceleratos
492 2430 631 2487 incolumi
651 2430 791 2505 dignitate
811 2450 874 2488 esse
897 2430 1062 2489 volnissesl‘
1096 2430 1199 2487 Seces-

212 2507 321 2562 sionem
335 2516 366 2562 tu
380 2505 459 2563 illam
473 2507 680 2577 existimavisti,
695 2508 803 2579 Caesar,
817 2509 909 2579 initio,
923 2528 979 2566 non
994 2508 1118 2578 bellum,
1139 2527 1196 2565 non

213 2582 315 2646 hostile
340 2582 449 2655 odium,
470 2585 520 2643 sed
549 2586 633 2644 civile
661 2587 830 2657 dissidium;
861 2588 988 2662 utrisque
1016 2586 1197 2663 cupientibus

129 2701 144 2713 -.
212 2661 418 2738 rempublicam
437 2662 555 2734 salvam,
573 2665 624 2745 spd
642 2666 747 2742 partim
767 2666 904 2736 consiliis,
923 2666 1027 2743 partim
1047 2665 1157 2735 studiis,
1179 2684 1198 2721 a

160 2754 195 2807 30
212 2740 358 2797 communi
385 2741 508 2799 utilitate
540 2735 767 2805 aberrantibirs.‘
790 2744 958 2822 Principum
985 2744 1109 2821 dignitas
1135 2752 1197 2801 erat

210 2816 284 2894 pand
305 2838 374 2895 par3
395 2840 452 2878 non
471 2840 522 2897 par
544 2822 662 2880 fortasse
682 2842 790 2894 eorum,
810 2825 859 2898 qui
880 2824 1087 2899 sequebantur:
1108 2841 1197 2880 causa

212 2908 273 2954 turn
287 2898 385 2969 dubia,
399 2896 476 2975 qubd
496 2910 559 2959 erat
579 2900 687 2975 aliquid
708 2903 738 2960 in
759 2902 879 2977 utraque
891 2913 982 2979 parte,
997 2903 1071 2978 quod
1083 2900 1196 2978 probari

211 2987 321 3053 posset.
342 2997 421 3036 nunc
435 2979 534 3037 melior
548 2977 627 3037 certe
642 2999 679 3037 ea
689 2980 847 3056 judicanda
866 2991 919 3052 est,
933 3001 1020 3058 quam
1039 2980 1126 3039 etiarn
1145 2979 1196 3036 Dii

213 3056 391 3132 adjuverunt
431 3056 556 3135 Cognitis
576 3057 643 3117 verd
665 3059 820 3118 clementia
840 3060 900 3132 tuti,
914 3061 978 3136 quis
992 3081 1049 3118 non
1063 3078 1127 3117 eam
1139 3058 1197 3115 vio-

159 3142 194 3195 35
212 3136 314 3194 toriam
327 3138 436 3215 probet,
451 3137 481 3195 in
496 3138 553 3213 qud
566 3138 707 3197 occiderit
719 3158 814 3211 nemo,
828 3139 884 3197 nisi
899 3140 1047 3197 armatusl

141 3223 146 3230 ’
252 3215 322 3275 VII.
357 3218 425 3290 Sed,
441 3225 473 3274 ut
491 3218 621 3275 omittam
642 3237 824 3277 communem
844 3237 972 3288 eausam,
993 3218 1141 3276 veniamus
1161 3215 1197 3271 ad

211 3304 345 3355 nostram.
387 3293 490 3354 Utrirm
511 3298 628 3355 taudem
648 3297 794 3354 existimas
815 3297 929 3354 facilius
950 3296 1047 3366 fuisse,
1069 3295 1197 3364 Tubero,

211 3369 329 3444 Ligario
349 3392 385 3429 ex
405 3374 508 3431 Africa
528 3375 616 3445 exire,
638 3393 675 3431 an
696 3376 774 3431 vobis
794 3375 825 3431 in
847 3374 978 3430 Africam
998 3394 1056 3431 non
1076 3373 1197 3430 venirel

211 3444 427 3520 Poteramusne,
446 3451 550 3526 inquis,
571 3451 639 3510 crim
660 3461 776 3507 senatus
797 3451 977 3507 censuisset?
1011 3450 1044 3505 Si
1064 3467 1110 3502 me
1130 3467 1200 3507 con·
1265 3471 1314 3525 ιη·ι

159 3534 194 3587 4ο
212 3524 291 3594 solis,
306 3526 385 3584 nullo
399 3528 490 3584 modo.
533 3530 593 3586 Sed
612 3539 709 3585 tamen
730 3527 880 3604 Ligarium
900 3535 1017 3583 senatus
1031 3524 1108 3581 idem
1121 3524 1200 3602 lega·

211 3612 298 3660 verat.
340 3604 437 3679 Atque
465 3605 513 3663 ille
539 3626 574 3663 eo
600 3616 726 3682 tempore
751 3603 1199 3682 paruit,ci1mpareresenatui

212 3700 330 3739 necesse
350 3694 427 3740 erat:
449 3702 498 3740 vos
517 3694 578 3740 tum
598 3683 741 3759 paruistis,
763 3682 831 3741 crim
871 3682 946 3741 aruit
965 3700 1060 3754 nemo,
1082 3684 1130 3757 qui
1151 3703 1199 3741 no-

211 3759 363 3839 llil-...Ra
383 3761 509 3819 rehendo
529 3762 636 3839 igiturl
663 3760 783 3818 minime
797 3779 882 3821 vero:
904 3781 998 3838 neque
1018 3762 1097 3821 enim
1116 3763 1200 3826 licuit

213 3830 294 3907 aliter
314 3780 408 3900 vesiio
433 3840 542 3916 generi,
563 3839 683 3909 nomini,
708 3840 834 3917 familie,
854 3841 1021 3919 disciplina.
1065 3843 1124 3900 Sed
1144 3841 1199 3899 hoe
