2692 4484
175 343 233 402 154
478 338 614 389 ORATIO
630 337 668 388 m
685 337 724 387 Μ.
740 336 944 387 mombis.

262 481 426 541 XXXVII.
467 481 525 540 Ubi
554 493 599 541 est
629 480 736 557 septies
756 481 860 539 millies
890 450 1064 552 sestertium,
1086 481 1171 556 quod
1193 480 1223 538 in

222 563 337 633 tabulis,
358 581 421 639 quae
442 571 510 619 sunt
530 562 566 619 ad
586 560 671 638 Opis,
692 561 831 637 patebatl
860 560 980 618 sunestae
1001 560 1077 617 illius
1099 561 1221 635 quidem

222 641 363 717 pecuniae,
377 641 428 699 sed
453 651 550 698 tamen
572 639 611 718 (si
638 640 685 712 iis,
711 658 833 716 quornm
859 650 931 711 erat,
946 657 1004 697 non
1030 638 1219 717 redderetur)

221 739 285 796 qum
299 739 352 777 nos
366 738 384 777 a
396 719 510 777 tributis
523 729 620 795 posset
633 718 791 776 vindicare.
833 717 883 776 Tu
904 728 1001 776 autem
1021 718 1221 794 quadringen-

189 799 276 860 5ties
296 797 361 869 HS,
375 799 452 874 quod
476 797 578 855 Idibus
602 796 717 855 Martiis
741 796 876 869 debuisti,
890 816 1017 874 quonam
1037 797 1125 855 modo
1150 807 1219 854 ante

221 877 368 935 Calendas
381 876 498 953 Apriles
512 878 617 934 debere
637 874 762 934 desisti‘l
803 877 879 934 Sunt
891 895 927 933 ea
946 876 1064 952 quidem
1083 876 1220 932 innume·

221 955 333 1027 rabilia,
358 974 421 1030 quas
449 975 466 1013 a
492 955 611 1013 diversis
631 956 812 1027 emebantur,
833 974 892 1014 non
919 955 1064 1012 insciente
1089 965 1137 1024 te3
1166 956 1218 1012 sed

221 1054 312 1092 nuum
325 1035 475 1111 egregium
490 1033 526 1091 de
540 1053 608 1111 rege
628 1033 777 1105 Deiotaro,
790 1035 895 1111 populo
918 1032 1055 1092 Romano
1076 1034 1219 1091 amicissi-

221 1132 278 1183 mo,
293 1114 441 1171 decretum
458 1113 488 1171 in
502 1112 646 1190 Capitolio
659 1112 768 1183 fixum3
789 1132 847 1189 quo
866 1112 1021 1189 proposito,
1035 1132 1124 1170 nemo
1144 1124 1217 1183 erat,

173 1196 207 1250 10
222 1192 315 1267 quiin
336 1192 398 1268 ipso
417 1192 514 1250 dolore
538 1193 626 1250 risum
646 1201 744 1267 posset
764 1191 922 1250 continere.
962 1190 1041 1253 Quis
1055 1191 1135 1248 enirn
1156 1192 1218 1248 cui·

221 1288 307 1345 quam
332 1270 486 1343 inimicior,
508 1269 594 1347 quim
617 1270 756 1329 Deiotaro
778 1270 898 1328 Cesarl
929 1270 1011 1345 eque
1036 1280 1123 1345 atque
1146 1270 1217 1327 huic

221 1348 326 1420 ordini,
348 1343 380 1407 ui
401 1350 537 1425 equestri,
559 1360 592 1408 ut
618 1348 861 1420 Massiliensibus,
883 1359 915 1407 ut
942 1349 1088 1420 omnibns,
1110 1345 1218 1423 quibus

223 1427 431 1503 rempublicam
450 1428 548 1505 populi
568 1428 696 1487 Romani
715 1446 813 1486 caram
831 1447 895 1486 esse
916 1428 1066 1486 sentiebat.
1109 1427 1142 1484 Is
1163 1427 1216 1504 igi-

222 1515 277 1578 tur,
293 1526 310 1563 a
323 1526 380 1582 quo
394 1507 467 1579 rivo,
481 1527 538 1565 nec
551 1527 678 1585 praesum
691 1526 748 1565 nec
763 1507 867 1564 absens
879 1507 1035 1583 quidquam
1057 1507 1133 1581 aequi
1147 1506 1217 1574 bon.

175 1587 206 1641 15
222 1584 392 1660 impetravit,
407 1586 483 1662 apud
501 1597 644 1644 mortuum
659 1586 754 1644 sactus
766 1596 811 1644 est
824 1587 975 1663 gratiosus.
1017 1585 1218 1661 Compellrirat
1248 1653 1255 1658 ,

222 1664 363 1741 hospitem
386 1684 527 1741 praesens;
562 1665 759 1742 computirat3
793 1665 948 1741 pecuniam
975 1664 1149 1742 imperitam
1184 1665 1217 1721 in

137 1737 139 1746 ’
221 1742 284 1818 ejus
297 1744 482 1801 tetrarchiam
502 1763 591 1801 unum
606 1763 643 1801 ex
662 1743 774 1801 Graecis
795 1744 949 1801 comitibus
962 1744 1023 1800 suis
1037 1742 1215 1814 collocrlrat3

109 1879 114 1890 ,
222 1820 392 1879 Armeniam
414 1822 611 1894 abstulerat,a
630 1831 734 1880 senatu
754 1823 860 1879 datam.
902 1822 977 1880 Haec
996 1822 1077 1880 virus
1096 1821 1216 1899 eripuit,

221 1899 347 1957 reddidit
360 1911 496 1959 mortuus.

170 1983 206 2037 2⁰
262 1980 303 2036 At
328 1979 432 2055 quibus
458 1980 574 2039 verbisi
607 1979 694 2038 modd
723 1983 884 2058 “aequum''
914 1980 970 2038 sibi
995 1980 1096 2051 videri,
1123 1977 1214 2038 modi)

221 2064 240 2091 “
252 2078 311 2116 uon
332 2059 490 2135 iniqnum.”
532 2058 609 2117 Mira
622 2060 774 2118 verborum
795 2061 967 2138 complexio!
1010 2059 1119 2116 atille
1139 2078 1215 2117 nun·

220 2156 306 2211 qnam
328 2136 454 2216 (semper
474 2139 553 2197 enim
574 2139 686 2196 absenti
708 2140 777 2198 affui
796 2139 948 2218 Deiotaro)
970 2139 1123 2216 quidquam
1145 2139 1213 2210 sibi,

219 2215 295 2290 quod
309 2237 362 2275 nos
382 2238 434 2291 pro
455 2219 504 2277 illo
524 2219 743 2295 postularemus,
758 2238 871 2296 aequum
893 2219 966 2276 dixit
990 2217 1088 2276 videri.
1138 2218 1214 2293 Syn·

219 2297 329 2372 grapha
349 2296 403 2354 HS
423 2298 535 2356 centies
554 2317 605 2374 per
626 2297 746 2375 legatos,
761 2299 836 2356 viros
856 2297 956 2369 bonos,
976 2299 1026 2355 sed
1047 2296 1164 2354 timidos
1184 2305 1222 2371 et,

169 2380 205 2434 25
219 2373 376 2449 imperitos,
396 2376 459 2432 sine
479 2376 586 2447 nostri,
607 2376 670 2434 sine
690 2378 864 2454 reliquorum
885 2376 1030 2453 hospitum
1050 2376 1128 2452 regis
1147 2394 1214 2432 sen·

218 2454 319 2522 tentia,
334 2453 411 2510 sacta
425 2453 454 2510 in
468 2474 626 2529 gyneceo:
647 2456 751 2531 quoin
775 2457 840 2515 loco
861 2455 991 2532 plurime
1013 2474 1059 2512 res
1081 2453 1211 2526 veniere,

218 2539 248 2585 et
261 2541 395 2587 veneunt.
435 2531 507 2593 Qua
529 2553 565 2592 ex
584 2535 749 2611 syngraphis
770 2535 838 2612 quid
860 2534 900 2591 sis
919 2545 1046 2604 acturus,
1061 2533 1210 2605 meditere,

218 2626 332 2665 censeo.
382 2608 450 2667 Rex
473 2612 551 2669 enim
571 2612 642 2689 ipse,
664 2613 718 2672 sui
741 2623 852 2691 sponte,
875 2613 962 2670 nullis
995 2612 1212 2671 commentariis

218 2685 351 2757 Caesaris,
366 2687 450 2746 simul
476 2700 560 2767 atque
584 2692 692 2750 audivit
714 2692 778 2769 ejus
797 2692 955 2764 interitum,
974 2712 1027 2750 suo
1048 2690 1145 2748 Marte
1166 2710 1212 2748 res

163 2772 203 2826 ’30
217 2783 285 2821 suas
308 2770 497 2843 recuperavit.
546 2771 675 2842 Sciebat,
698 2773 784 2830 bomo
804 2772 930 2847 sapiens,
950 2772 999 2848 jus
1019 2768 1131 2845 semper
1154 2770 1211 2827 hoc

217 2843 315 2914 luisse,
329 2855 371 2916 ut,
390 2865 454 2922 que
474 2850 589 2923 tyranni
613 2849 796 2925 eripuissent,
818 2869 863 2922 ea,
885 2850 1015 2927 tyrannis
1039 2848 1210 2921 intersectis,

217 2921 247 2992 ii,
261 2923 365 2997 quibus
378 2936 477 3002 erepta
489 2938 596 2999 essent,
611 2939 824 3005 recuperarent.
865 2928 962 2987 Nemo
976 2929 1061 3006 igitur
1076 2928 1210 3004 jurecon-

216 3001 317 3074 sultus,
339 3023 376 3061 ne
399 3004 453 3062 iste
472 3006 599 3082 quidem,
620 3007 669 3083 qui
694 3008 746 3066 tibi
765 3010 817 3067 uni
843 3018 888 3066 est
911 3007 1135 3084 jureconsultus,
1159 3025 1210 3082 per

216 3101 299 3157 quem
315 3084 378 3142 haec
393 3084 464 3161 agis,
478 3104 515 3143 ex
528 3085 583 3143 istri
597 3087 762 3162 syngraphis
784 3087 883 3144 deberi
906 3088 981 3145 dicit
999 3106 1051 3163 pro
1065 3086 1100 3144 iis
1123 3085 1210 3143 rebus

166 3166 202 3220 35
216 3180 279 3237 quae
291 3172 374 3220 erant
386 3173 452 3221 ante
461 3165 653 3241 syngrapham
668 3176 855 3242 recuperate.
876 3164 945 3223 Non
957 3165 1036 3224 enim
1050 3184 1068 3222 a
1081 3175 1109 3222 te
1119 3164 1208 3221 emit:

216 3241 267 3296 sed
289 3241 379 3317 priris,
393 3246 480 3317 quim
495 3254 526 3301 tu
549 3262 633 3303 suum
652 3244 708 3302 sibi
729 3245 879 3315 venderes,
895 3244 956 3320 ipse
976 3244 1112 3322 possedit.
1155 3242 1209 3300 llle

215 3317 258 3374 vir
279 3320 348 3377 fuit:
383 3340 436 3377 nos
460 3322 576 3396 quidem
598 3323 815 3396 contemnendi,
837 3324 886 3400 qui
915 3333 1064 3381 auctorem
1084 3322 1208 3394 odimus,

215 3405 280 3449 acta
294 3397 487 3457 defendimus.
1003 3431 1005 3434 ·

216 3505 233 3559 .-
253 3470 434 3532 XXXVIII.
475 3477 558 3539 Quid
571 3496 627 3554 ego
640 3479 678 3536 dc
699 3481 914 3540 commentariis
935 3480 1066 3551 infinitis,
1080 3477 1149 3554 quid
1171 3478 1210 3536 de

164 3552 200 3606 40
214 3552 472 3610 innumerabilibus
498 3556 707 3633 chirographis,
728 3559 847 3635 loquarl
867 3579 988 3638 quorum
1008 3559 1097 3617 etiam
1117 3557 1211 3614 imita·

124 3661 126 3664 ψ
214 3635 289 3715 tores
302 3639 379 3699 sunt,
393 3631 442 3704 qui
456 3650 501 3702 ea,
515 3642 653 3709 tanquam
673 3636 864 3711 gladiatorum
883 3639 1006 3709 libellos,
1020 3636 1118 3714 palrim
1142 3654 1212 3693 ren·

214 3704 313 3762 ditent.
356 3707 457 3783 ltaque
471 3711 544 3767 tanti
559 3714 655 3770 acervi
668 3734 852 3775 nummorum
867 3718 943 3794 apud
966 3717 1053 3774 istum
1080 3725 1210 3773 constru-

213 3795 310 3858 untur,
325 3796 357 3844 ut
373 3787 434 3864 jam
456 3791 665 3866 appendantur,
680 3812 739 3852 non
752 3806 961 3868 numerentur,
976 3794 1119 3873 pecuniae.
1168 3794 1211 3851 Ar

212 3863 299 3942 quim
313 3885 394 3926 caeca
408 3868 527 3928 avaritia
539 3870 600 3929 esti
635 3871 739 3951 Nuper
752 3874 810 3934 fixa
822 3876 923 3934 tabula
935 3884 990 3947 est,
1004 3873 1063 3950 qud
1077 3871 1210 3931 civitates
