<?xml version="1.0" encoding="UTF-8"?>
<!DOCTYPE html PUBLIC "-//W3C//DTD XHTML 1.0 Transitional//EN"
    "http://www.w3.org/TR/xhtml1/DTD/xhtml1-transitional.dtd">
<html xmlns="http://www.w3.org/1999/xhtml" xml:lang="en" lang="en">
 <head>
  <title>
</title>
<meta http-equiv="Content-Type" content="text/html;charset=utf-8" />
  <meta name='ocr-system' content='tesseract 3.04.00' />
  <meta name='ocr-capabilities' content='ocr_page ocr_carea ocr_par ocr_line ocrx_word'/>
</head>
<body>
  <div class='ocr_page' id='page_1' title='image "./orationesqudams02cicegoog/orationesqudams02cicegoog_0024.png"; bbox 0 0 2692 4484; ppageno 0'>
   <div class='ocr_carea' id='block_1_1' title="bbox 385 276 1203 338">
    <p class='ocr_par' dir='ltr' id='par_1_1' title="bbox 385 276 1203 338">
     <span class='ocr_line' id='line_1_1' title="bbox 385 276 1203 338; baseline -0.015 -5"><span class='ocrx_word' id='word_1_1' title='bbox 385 281 522 332; x_wconf 79' lang='lat' dir='ltr'>ORATIO</span> <span class='ocrx_word' id='word_1_2' title='bbox 543 280 578 330; x_wconf 89' lang='lat'>11.</span> <span class='ocrx_word' id='word_1_3' title='bbox 603 279 642 329; x_wconf 82' lang='lat' dir='ltr'>ln</span> <span class='ocrx_word' id='word_1_4' title='bbox 665 280 697 328; x_wconf 57' lang='lat'>1„</span> <span class='ocrx_word' id='word_1_5' title='bbox 720 276 935 329; x_wconf 65' lang='lat' dir='ltr'>cummunis.</span> <span class='ocrx_word' id='word_1_6' title='bbox 1164 278 1203 338; x_wconf 79' lang='grc'>19</span> 
     </span>
    </p>
   </div>
   <div class='ocr_carea' id='block_1_2' title="bbox 171 415 1174 740">
    <p class='ocr_par' dir='ltr' id='par_1_2' title="bbox 171 415 1174 740">
     <span class='ocr_line' id='line_1_2' title="bbox 172 415 1153 501; baseline -0.009 -14"><span class='ocrx_word' id='word_1_7' title='bbox 172 428 262 489; x_wconf 87' lang='lat' dir='ltr'>Nunc</span> <span class='ocrx_word' id='word_1_8' title='bbox 275 423 343 483; x_wconf 83' lang='lat' dir='ltr'>verb</span> <span class='ocrx_word' id='word_1_9' title='bbox 356 423 443 501; x_wconf 74' lang='lat' dir='ltr'>quim</span> <span class='ocrx_word' id='word_1_10' title='bbox 466 421 573 494; x_wconf 85' lang='lat' dir='ltr'>subitb,</span> <span class='ocrx_word' id='word_1_11' title='bbox 586 441 645 480; x_wconf 90' lang='lat' dir='ltr'>non</span> <span class='ocrx_word' id='word_1_12' title='bbox 667 417 760 479; x_wconf 75' lang='lat' dir='ltr'>solnm</span> <span class='ocrx_word' id='word_1_13' title='bbox 780 438 818 478; x_wconf 84' lang='lat' dir='ltr'>ex</span> <span class='ocrx_word' id='word_1_14' title='bbox 840 418 929 490; x_wconf 88' lang='lat' dir='ltr'>Urbe,</span> <span class='ocrx_word' id='word_1_15' title='bbox 943 415 1044 476; x_wconf 77' lang='lat' dir='ltr'>verbm</span> <span class='ocrx_word' id='word_1_16' title='bbox 1066 420 1153 478; x_wconf 89' lang='lat' dir='ltr'>etiam</span> 
     </span>
     <span class='ocr_line' id='line_1_3' title="bbox 173 497 1151 583; baseline -0.009 -18"><span class='ocrx_word' id='word_1_17' title='bbox 173 527 208 566; x_wconf 85' lang='lat' dir='ltr'>ex</span> <span class='ocrx_word' id='word_1_18' title='bbox 217 506 304 583; x_wconf 84' lang='lat' dir='ltr'>agris,</span> <span class='ocrx_word' id='word_1_19' title='bbox 316 505 463 581; x_wconf 82' lang='lat' dir='ltr'>ingentem</span> <span class='ocrx_word' id='word_1_20' title='bbox 472 519 625 561; x_wconf 89' lang='lat' dir='ltr'>numerum</span> <span class='ocrx_word' id='word_1_21' title='bbox 633 500 809 576; x_wconf 88' lang='lat' dir='ltr'>perditorum</span> <span class='ocrx_word' id='word_1_22' title='bbox 819 498 969 556; x_wconf 89' lang='lat' dir='ltr'>bominum</span> <span class='ocrx_word' id='word_1_23' title='bbox 980 497 1151 573; x_wconf 86' lang='lat' dir='ltr'>collegerat!</span> 
     </span>
     <span class='ocr_line' id='line_1_4' title="bbox 172 575 1174 656; baseline -0.008 -13"><span class='ocrx_word' id='word_1_24' title='bbox 172 585 276 656; x_wconf 89' lang='lat' dir='ltr'>Nemo,</span> <span class='ocrx_word' id='word_1_25' title='bbox 291 602 348 641; x_wconf 90' lang='lat' dir='ltr'>non</span> <span class='ocrx_word' id='word_1_26' title='bbox 362 580 447 640; x_wconf 82' lang='lat' dir='ltr'>modb</span> <span class='ocrx_word' id='word_1_27' title='bbox 462 582 576 645; x_wconf 80' lang='lat' dir='ltr'>Rome.</span> <span class='ocrx_word' id='word_1_28' title='bbox 591 579 642 637; x_wconf 89' lang='lat' dir='ltr'>sed</span> <span class='ocrx_word' id='word_1_29' title='bbox 655 598 712 637; x_wconf 89' lang='lat' dir='ltr'>nec</span> <span class='ocrx_word' id='word_1_30' title='bbox 726 578 783 635; x_wconf 90' lang='lat' dir='ltr'>ullo</span> <span class='ocrx_word' id='word_1_31' title='bbox 793 578 823 635; x_wconf 90' lang='lat' dir='ltr'>in</span> <span class='ocrx_word' id='word_1_32' title='bbox 834 576 940 654; x_wconf 81' lang='lat' dir='ltr'>angulo</span> <span class='ocrx_word' id='word_1_33' title='bbox 949 577 1038 635; x_wconf 86' lang='lat' dir='ltr'>totius</span> <span class='ocrx_word' id='word_1_34' title='bbox 1051 575 1174 648; x_wconf 83' lang='lat' dir='ltr'>ltalie,·</span> 
     </span>
     <span class='ocr_line' id='line_1_5' title="bbox 171 653 1155 740; baseline -0.007 -20"><span class='ocrx_word' id='word_1_35' title='bbox 171 681 322 740; x_wconf 87' lang='lat' dir='ltr'>oppressus</span> <span class='ocrx_word' id='word_1_36' title='bbox 335 679 392 719; x_wconf 81' lang='lat' dir='ltr'>rere</span> <span class='ocrx_word' id='word_1_37' title='bbox 406 660 501 718; x_wconf 88' lang='lat' dir='ltr'>alieno</span> <span class='ocrx_word' id='word_1_38' title='bbox 515 659 579 730; x_wconf 87' lang='lat' dir='ltr'>fuit,</span> <span class='ocrx_word' id='word_1_39' title='bbox 592 675 680 733; x_wconf 87' lang='lat' dir='ltr'>quem</span> <span class='ocrx_word' id='word_1_40' title='bbox 697 676 755 714; x_wconf 92' lang='lat' dir='ltr'>non</span> <span class='ocrx_word' id='word_1_41' title='bbox 769 656 806 738; x_wconf 68' lang='lat' dir='ltr'>ad</span> <span class='ocrx_word' id='word_1_42' title='bbox 829 657 884 715; x_wconf 89' lang='lat' dir='ltr'>boc</span> <span class='ocrx_word' id='word_1_43' title='bbox 907 653 1079 737; x_wconf 33' lang='lat' dir='ltr'>incre-dibile</span> <span class='ocrx_word' id='word_1_44' title='bbox 1093 674 1155 713; x_wconf 87' lang='lat' dir='ltr'>sce·</span> 
     </span>
    </p>
   </div>
   <div class='ocr_carea' id='block_1_3' title="bbox 83 720 1202 3884">
    <p class='ocr_par' dir='ltr' id='par_1_3' title="bbox 154 720 1186 1051">
     <span class='ocr_line' id='line_1_6' title="bbox 171 720 1186 825; baseline -0.011 -25"><span class='ocrx_word' id='word_1_45' title='bbox 171 743 240 801; x_wconf 90' lang='lat' dir='ltr'>leris</span> <span class='ocrx_word' id='word_1_46' title='bbox 254 740 347 799; x_wconf 83' lang='lat' dir='ltr'>soedus</span> <span class='ocrx_word' id='word_1_47' title='bbox 361 739 523 797; x_wconf 72' lang='lat' dir='ltr'>adsciverit.</span> <span class='ocrx_word' id='word_1_48' title='bbox 878 720 1074 825; x_wconf 46' lang='lat' dir='ltr'>efflat*</span> <span class='ocrx_word' id='word_1_49' title='bbox 1167 737 1186 789; x_wconf 74' lang='lat' dir='ltr'>b</span> 
     </span>
     <span class='ocr_line' id='line_1_7' title="bbox 154 812 1154 894; baseline -0.01 -15"><span class='ocrx_word' id='word_1_50' title='bbox 154 840 184 893; x_wconf 64' lang='lat' dir='ltr'>&gt;s</span> <span class='ocrx_word' id='word_1_51' title='bbox 211 821 248 878; x_wconf 89' lang='lat' dir='ltr'>V.</span> <span class='ocrx_word' id='word_1_52' title='bbox 270 820 378 894; x_wconf 80' lang='lat' dir='ltr'><strong>Atque,</strong></span> <span class='ocrx_word' id='word_1_53' title='bbox 393 828 425 876; x_wconf 95' lang='lat' dir='ltr'>ut</span> <span class='ocrx_word' id='word_1_54' title='bbox 438 819 501 894; x_wconf 81' lang='lat' dir='ltr'>ejus</span> <span class='ocrx_word' id='word_1_55' title='bbox 514 816 628 874; x_wconf 82' lang='lat' dir='ltr'>diversa</span> <span class='ocrx_word' id='word_1_56' title='bbox 710 833 738 871; x_wconf 86' lang='lat' dir='ltr'>ra</span> <span class='ocrx_word' id='word_1_57' title='bbox 751 834 782 871; x_wconf 86' lang='lat' dir='ltr'>rn</span> <span class='ocrx_word' id='word_1_58' title='bbox 825 812 1071 883; x_wconf 67' lang='lat' dir='ltr'>issimssmtiope</span> <span class='ocrx_word' id='word_1_59' title='bbox 1090 831 1154 888; x_wconf 89' lang='lat' dir='ltr'>per·</span> 
     </span>
     <span class='ocr_line' id='line_1_8' title="bbox 172 889 1154 976; baseline -0.009 -19"><span class='ocrx_word' id='word_1_60' title='bbox 172 899 283 976; x_wconf 87' lang='lat' dir='ltr'>spicere</span> <span class='ocrx_word' id='word_1_61' title='bbox 295 898 425 974; x_wconf 90' lang='lat' dir='ltr'>possitis;</span> <span class='ocrx_word' id='word_1_62' title='bbox 447 913 533 954; x_wconf 90' lang='lat' dir='ltr'>nemo</span> <span class='ocrx_word' id='word_1_63' title='bbox 545 904 590 952; x_wconf 90' lang='lat' dir='ltr'>est</span> <span class='ocrx_word' id='word_1_64' title='bbox 602 894 633 951; x_wconf 93' lang='lat' dir='ltr'>in</span> <span class='ocrx_word' id='word_1_65' title='bbox 643 894 712 951; x_wconf 87' lang='lat' dir='ltr'>ludo</span> <span class='ocrx_word' id='word_1_66' title='bbox 719 892 889 969; x_wconf 85' lang='lat' dir='ltr'>gladiatorio</span> <span class='ocrx_word' id='word_1_67' title='bbox 897 889 982 969; x_wconf 82' lang='lat' dir='ltr'>pauld</span> <span class='ocrx_word' id='word_1_68' title='bbox 994 892 1031 948; x_wconf 88' lang='lat' dir='ltr'>ad</span> <span class='ocrx_word' id='word_1_69' title='bbox 1039 891 1154 948; x_wconf 83' lang='lat' dir='ltr'>facinus</span> 
     </span>
     <span class='ocr_line' id='line_1_9' title="bbox 173 971 1154 1051; baseline -0.007 -16"><span class='ocrx_word' id='word_1_70' title='bbox 173 977 320 1047; x_wconf 80' lang='lat' dir='ltr'><strong>audacior,</strong></span> <span class='ocrx_word' id='word_1_71' title='bbox 334 975 382 1051; x_wconf 91' lang='lat' dir='ltr'>qui</span> <span class='ocrx_word' id='word_1_72' title='bbox 398 994 430 1033; x_wconf 89' lang='lat' dir='ltr'>se</span> <span class='ocrx_word' id='word_1_73' title='bbox 443 994 500 1033; x_wconf 88' lang='lat' dir='ltr'>uon</span> <span class='ocrx_word' id='word_1_74' title='bbox 515 974 648 1031; x_wconf 88' lang='lat' dir='ltr'>intimum</span> <span class='ocrx_word' id='word_1_75' title='bbox 669 971 805 1029; x_wconf 78' lang='lat' dir='ltr'>Catilinae</span> <span class='ocrx_word' id='word_1_76' title='bbox 818 990 882 1029; x_wconf 87' lang='lat' dir='ltr'>esse</span> <span class='ocrx_word' id='word_1_77' title='bbox 906 971 1046 1039; x_wconf 82' lang='lat' dir='ltr'>fateatur3</span> <span class='ocrx_word' id='word_1_78' title='bbox 1067 988 1154 1028; x_wconf 90' lang='lat' dir='ltr'>nemo</span> 
     </span>
    </p>

    <p class='ocr_par' dir='ltr' id='par_1_4' title="bbox 172 1048 1201 1505">
     <span class='ocr_line' id='line_1_10' title="bbox 172 1048 1152 1128; baseline -0.008 -15"><span class='ocrx_word' id='word_1_79' title='bbox 172 1057 203 1113; x_wconf 94' lang='lat' dir='ltr'>in</span> <span class='ocrx_word' id='word_1_80' title='bbox 217 1055 306 1112; x_wconf 73' lang='lat' dir='ltr'>sceui</span> <span class='ocrx_word' id='word_1_81' title='bbox 320 1054 408 1111; x_wconf 86' lang='lat' dir='ltr'>levior</span> <span class='ocrx_word' id='word_1_82' title='bbox 422 1064 451 1111; x_wconf 89' lang='lat' dir='ltr'>et</span> <span class='ocrx_word' id='word_1_83' title='bbox 464 1052 594 1128; x_wconf 77' lang='lat' dir='ltr'>nequior,</span> <span class='ocrx_word' id='word_1_84' title='bbox 608 1051 656 1126; x_wconf 91' lang='lat' dir='ltr'>qni</span> <span class='ocrx_word' id='word_1_85' title='bbox 670 1070 703 1108; x_wconf 89' lang='lat' dir='ltr'>se</span> <span class='ocrx_word' id='word_1_86' title='bbox 716 1069 773 1109; x_wconf 88' lang='lat' dir='ltr'>non</span> <span class='ocrx_word' id='word_1_87' title='bbox 788 1050 917 1126; x_wconf 86' lang='lat' dir='ltr'>ejusdem</span> <span class='ocrx_word' id='word_1_88' title='bbox 926 1048 1014 1126; x_wconf 74' lang='lat' dir='ltr'>prope</span> <span class='ocrx_word' id='word_1_89' title='bbox 1025 1049 1152 1106; x_wconf 90' lang='lat' dir='ltr'>sodalem</span> 
     </span>
     <span class='ocr_line' id='line_1_11' title="bbox 173 1129 1201 1204; baseline -0.006 -13"><span class='ocrx_word' id='word_1_90' title='bbox 173 1134 262 1192; x_wconf 87' lang='lat' dir='ltr'>fuisse</span> <span class='ocrx_word' id='word_1_91' title='bbox 275 1141 488 1190; x_wconf 86' lang='lat' dir='ltr'>commemoret</span> <span class='ocrx_word' id='word_1_92' title='bbox 530 1130 628 1204; x_wconf 83' lang='lat' dir='ltr'>Atque</span> <span class='ocrx_word' id='word_1_93' title='bbox 641 1129 718 1187; x_wconf 88' lang='lat' dir='ltr'>idem</span> <span class='ocrx_word' id='word_1_94' title='bbox 737 1140 845 1199; x_wconf 89' lang='lat' dir='ltr'>tamen,</span> <span class='ocrx_word' id='word_1_95' title='bbox 859 1139 1020 1204; x_wconf 90' lang='lat' dir='ltr'>stuprorum</span> <span class='ocrx_word' id='word_1_96' title='bbox 1043 1138 1072 1183; x_wconf 90' lang='lat' dir='ltr'>et</span> <span class='ocrx_word' id='word_1_97' title='bbox 1091 1132 1201 1185; x_wconf 87' lang='lat' dir='ltr'>sce-10</span> 
     </span>
     <span class='ocr_line' id='line_1_12' title="bbox 172 1205 1152 1284; baseline -0.006 -15"><span class='ocrx_word' id='word_1_98' title='bbox 172 1212 266 1270; x_wconf 90' lang='lat' dir='ltr'>lerum</span> <span class='ocrx_word' id='word_1_99' title='bbox 279 1209 486 1270; x_wconf 81' lang='lat' dir='ltr'>exercitatione</span> <span class='ocrx_word' id='word_1_100' title='bbox 503 1208 691 1278; x_wconf 73' lang='lat' dir='ltr'>assuefactus,</span> <span class='ocrx_word' id='word_1_101' title='bbox 706 1207 821 1284; x_wconf 84' lang='lat' dir='ltr'>frigore,</span> <span class='ocrx_word' id='word_1_102' title='bbox 835 1216 865 1264; x_wconf 87' lang='lat' dir='ltr'>et</span> <span class='ocrx_word' id='word_1_103' title='bbox 884 1206 970 1276; x_wconf 84' lang='lat' dir='ltr'>fame,</span> <span class='ocrx_word' id='word_1_104' title='bbox 985 1216 1015 1263; x_wconf 88' lang='lat' dir='ltr'>et</span> <span class='ocrx_word' id='word_1_105' title='bbox 1037 1205 1095 1275; x_wconf 89' lang='lat' dir='ltr'>siti,</span> <span class='ocrx_word' id='word_1_106' title='bbox 1116 1224 1152 1263; x_wconf 91' lang='lat' dir='ltr'>ac</span> 
     </span>
     <span class='ocr_line' id='line_1_13' title="bbox 172 1282 1151 1366; baseline -0.006 -20"><span class='ocrx_word' id='word_1_107' title='bbox 172 1290 280 1366; x_wconf 83' lang='lat' dir='ltr'>vigiliis</span> <span class='ocrx_word' id='word_1_108' title='bbox 287 1286 474 1364; x_wconf 86' lang='lat' dir='ltr'>perferendis,</span> <span class='ocrx_word' id='word_1_109' title='bbox 486 1286 565 1345; x_wconf 84' lang='lat' dir='ltr'>fertis</span> <span class='ocrx_word' id='word_1_110' title='bbox 576 1286 613 1344; x_wconf 92' lang='lat' dir='ltr'>ab</span> <span class='ocrx_word' id='word_1_111' title='bbox 623 1286 686 1343; x_wconf 88' lang='lat' dir='ltr'>istis</span> <span class='ocrx_word' id='word_1_112' title='bbox 691 1286 914 1363; x_wconf 73' lang='lat' dir='ltr'>predicabatur,</span> <span class='ocrx_word' id='word_1_113' title='bbox 925 1282 993 1343; x_wconf 82' lang='lat' dir='ltr'>crim</span> <span class='ocrx_word' id='word_1_114' title='bbox 1004 1283 1151 1341; x_wconf 82' lang='lat' dir='ltr'>industriae</span> 
     </span>
     <span class='ocr_line' id='line_1_14' title="bbox 172 1362 1151 1440; baseline -0.007 -15"><span class='ocrx_word' id='word_1_115' title='bbox 172 1367 313 1437; x_wconf 89' lang='lat' dir='ltr'>subsidia,</span> <span class='ocrx_word' id='word_1_116' title='bbox 329 1374 413 1440; x_wconf 87' lang='lat' dir='ltr'>atque</span> <span class='ocrx_word' id='word_1_117' title='bbox 427 1366 618 1434; x_wconf 86' lang='lat' dir='ltr'>instrumenta</span> <span class='ocrx_word' id='word_1_118' title='bbox 639 1366 760 1437; x_wconf 85' lang='lat' dir='ltr'>virtutis,</span> <span class='ocrx_word' id='word_1_119' title='bbox 775 1365 806 1421; x_wconf 95' lang='lat' dir='ltr'>in</span> <span class='ocrx_word' id='word_1_120' title='bbox 829 1363 949 1422; x_wconf 86' lang='lat' dir='ltr'>libidine</span> <span class='ocrx_word' id='word_1_121' title='bbox 972 1362 1151 1438; x_wconf 69' lang='lat' dir='ltr'>audaciaque</span> 
     </span>
     <span class='ocr_line' id='line_1_15' title="bbox 174 1453 420 1505; baseline -0.02 0"><span class='ocrx_word' id='word_1_122' title='bbox 174 1453 420 1505; x_wconf 84' lang='lat' dir='ltr'>consumerentur.</span> 
     </span>
    </p>

    <p class='ocr_par' dir='ltr' id='par_1_5' title="bbox 172 1513 1200 1677">
     <span class='ocr_line' id='line_1_16' title="bbox 176 1513 1200 1590; baseline 0.003 -13"><span class='ocrx_word' id='word_1_123' title='bbox 176 1513 198 1577; x_wconf 62' lang='lat' dir='ltr'>d</span> <span class='ocrx_word' id='word_1_124' title='bbox 213 1524 303 1581; x_wconf 91' lang='lat' dir='ltr'>Hunc</span> <span class='ocrx_word' id='word_1_125' title='bbox 317 1520 385 1580; x_wconf 86' lang='lat' dir='ltr'>verd</span> <span class='ocrx_word' id='word_1_126' title='bbox 398 1522 423 1580; x_wconf 90' lang='lat' dir='ltr'>si</span> <span class='ocrx_word' id='word_1_127' title='bbox 437 1522 482 1580; x_wconf 91' lang='lat' dir='ltr'>sni</span> <span class='ocrx_word' id='word_1_128' title='bbox 496 1523 604 1581; x_wconf 84' lang='lat' dir='ltr'>fuerint</span> <span class='ocrx_word' id='word_1_129' title='bbox 618 1522 738 1581; x_wconf 89' lang='lat' dir='ltr'>comites</span> <span class='ocrx_word' id='word_1_130' title='bbox 751 1521 859 1590; x_wconf 85' lang='lat' dir='ltr'>secuti3</span> <span class='ocrx_word' id='word_1_131' title='bbox 880 1521 905 1578; x_wconf 91' lang='lat' dir='ltr'>si</span> <span class='ocrx_word' id='word_1_132' title='bbox 929 1540 966 1578; x_wconf 81' lang='lat' dir='ltr'>ex</span> <span class='ocrx_word' id='word_1_133' title='bbox 977 1520 1057 1578; x_wconf 87' lang='lat' dir='ltr'>Urbe</span> <span class='ocrx_word' id='word_1_134' title='bbox 1077 1518 1152 1577; x_wconf 80' lang='lat' dir='ltr'>erie-</span> <span class='ocrx_word' id='word_1_135' title='bbox 1167 1525 1200 1580; x_wconf 82' lang='lat'>15</span> 
     </span>
     <span class='ocr_line' id='line_1_17' title="bbox 172 1598 1149 1677; baseline -0.007 -16"><span class='ocrx_word' id='word_1_136' title='bbox 172 1602 231 1661; x_wconf 90' lang='lat' dir='ltr'>rint</span> <span class='ocrx_word' id='word_1_137' title='bbox 244 1602 458 1677; x_wconf 88' lang='lat' dir='ltr'>desperatorum</span> <span class='ocrx_word' id='word_1_138' title='bbox 472 1602 621 1660; x_wconf 88' lang='lat' dir='ltr'>hominum</span> <span class='ocrx_word' id='word_1_139' title='bbox 634 1601 769 1677; x_wconf 82' lang='lat' dir='ltr'>flagitiosi</span> <span class='ocrx_word' id='word_1_140' title='bbox 783 1619 905 1677; x_wconf 83' lang='lat' dir='ltr'>greges;</span> <span class='ocrx_word' id='word_1_141' title='bbox 925 1619 944 1658; x_wconf 93' lang='lat' dir='ltr'>o</span> <span class='ocrx_word' id='word_1_142' title='bbox 963 1618 1016 1657; x_wconf 89' lang='lat' dir='ltr'>nos</span> <span class='ocrx_word' id='word_1_143' title='bbox 1034 1598 1149 1655; x_wconf 86' lang='lat' dir='ltr'>beatos!</span> 
     </span>
    </p>

    <p class='ocr_par' dir='ltr' id='par_1_6' title="bbox 172 1676 1201 2227">
     <span class='ocr_line' id='line_1_18' title="bbox 172 1676 1151 1756; baseline -0.006 -17"><span class='ocrx_word' id='word_1_144' title='bbox 172 1701 191 1739; x_wconf 90' lang='lat' dir='ltr'>o</span> <span class='ocrx_word' id='word_1_145' title='bbox 204 1679 411 1756; x_wconf 79' lang='lat' dir='ltr'>rempublicam</span> <span class='ocrx_word' id='word_1_146' title='bbox 425 1679 615 1739; x_wconf 78' lang='lat' dir='ltr'>fortunatam!</span> <span class='ocrx_word' id='word_1_147' title='bbox 630 1701 649 1739; x_wconf 93' lang='lat' dir='ltr'>o</span> <span class='ocrx_word' id='word_1_148' title='bbox 661 1680 829 1756; x_wconf 74' lang='lat' dir='ltr'>preclaram</span> <span class='ocrx_word' id='word_1_149' title='bbox 853 1678 969 1737; x_wconf 86' lang='lat' dir='ltr'>laudem</span> <span class='ocrx_word' id='word_1_150' title='bbox 987 1676 1151 1734; x_wconf 74' lang='lat' dir='ltr'>consulatis</span> 
     </span>
     <span class='ocr_line' id='line_1_19' title="bbox 172 1755 1151 1835; baseline -0.003 -20"><span class='ocrx_word' id='word_1_151' title='bbox 172 1759 247 1816; x_wconf 85' lang='lat' dir='ltr'>mei!</span> <span class='ocrx_word' id='word_1_152' title='bbox 269 1757 336 1816; x_wconf 92' lang='lat' dir='ltr'>Non</span> <span class='ocrx_word' id='word_1_153' title='bbox 350 1759 428 1817; x_wconf 88' lang='lat' dir='ltr'>enim</span> <span class='ocrx_word' id='word_1_154' title='bbox 439 1759 500 1835; x_wconf 83' lang='lat' dir='ltr'>jam</span> <span class='ocrx_word' id='word_1_155' title='bbox 514 1770 582 1817; x_wconf 89' lang='lat' dir='ltr'>sunt</span> <span class='ocrx_word' id='word_1_156' title='bbox 595 1759 757 1817; x_wconf 89' lang='lat' dir='ltr'>mediocres</span> <span class='ocrx_word' id='word_1_157' title='bbox 773 1756 922 1815; x_wconf 88' lang='lat' dir='ltr'>hominum</span> <span class='ocrx_word' id='word_1_158' title='bbox 935 1755 1079 1827; x_wconf 84' lang='lat' dir='ltr'>libidines,</span> <span class='ocrx_word' id='word_1_159' title='bbox 1093 1774 1151 1813; x_wconf 91' lang='lat' dir='ltr'>non</span> 
     </span>
     <span class='ocr_line' id='line_1_20' title="bbox 173 1834 1151 1912; baseline -0.005 -17"><span class='ocrx_word' id='word_1_160' title='bbox 173 1838 307 1897; x_wconf 82' lang='lat' dir='ltr'>humane</span> <span class='ocrx_word' id='word_1_161' title='bbox 322 1855 357 1895; x_wconf 90' lang='lat' dir='ltr'>ac</span> <span class='ocrx_word' id='word_1_162' title='bbox 370 1838 527 1898; x_wconf 79' lang='lat' dir='ltr'>tolerandas</span> <span class='ocrx_word' id='word_1_163' title='bbox 549 1838 697 1897; x_wconf 76' lang='lat' dir='ltr'>audacie·</span> <span class='ocrx_word' id='word_1_164' title='bbox 718 1837 790 1895; x_wconf 86' lang='lat' dir='ltr'>nihil</span> <span class='ocrx_word' id='word_1_165' title='bbox 815 1836 953 1912; x_wconf 85' lang='lat' dir='ltr'>cogitant,</span> <span class='ocrx_word' id='word_1_166' title='bbox 966 1835 1022 1893; x_wconf 87' lang='lat' dir='ltr'>nisi</span> <span class='ocrx_word' id='word_1_167' title='bbox 1046 1834 1151 1903; x_wconf 81' lang='lat' dir='ltr'>cedes,</span> 
     </span>
     <span class='ocr_line' id='line_1_21' title="bbox 172 1914 1201 1995; baseline -0.006 -21"><span class='ocrx_word' id='word_1_168' title='bbox 172 1916 229 1974; x_wconf 92' lang='lat' dir='ltr'>nisi</span> <span class='ocrx_word' id='word_1_169' title='bbox 256 1916 402 1989; x_wconf 86' lang='lat' dir='ltr'>incendia,</span> <span class='ocrx_word' id='word_1_170' title='bbox 429 1918 486 1976; x_wconf 88' lang='lat' dir='ltr'>ursi</span> <span class='ocrx_word' id='word_1_171' title='bbox 513 1918 636 1995; x_wconf 87' lang='lat' dir='ltr'>rapinas.</span> <span class='ocrx_word' id='word_1_172' title='bbox 678 1915 858 1975; x_wconf 81' lang='lat' dir='ltr'>Patrimouia</span> <span class='ocrx_word' id='word_1_173' title='bbox 876 1932 930 1972; x_wconf 88' lang='lat' dir='ltr'>sua</span> <span class='ocrx_word' id='word_1_174' title='bbox 947 1914 1151 1991; x_wconf 87' lang='lat' dir='ltr'>profuderunt:</span> <span class='ocrx_word' id='word_1_175' title='bbox 1165 1915 1201 1968; x_wconf 75' lang='lat'>20</span> 
     </span>
     <span class='ocr_line' id='line_1_22' title="bbox 174 1991 1153 2075; baseline -0.006 -23"><span class='ocrx_word' id='word_1_176' title='bbox 174 1994 300 2053; x_wconf 89' lang='lat' dir='ltr'>fortunas</span> <span class='ocrx_word' id='word_1_177' title='bbox 310 2014 378 2054; x_wconf 85' lang='lat' dir='ltr'>suas</span> <span class='ocrx_word' id='word_1_178' title='bbox 387 1995 626 2075; x_wconf 83' lang='lat' dir='ltr'>abligurrierunt:</span> <span class='ocrx_word' id='word_1_179' title='bbox 641 2015 688 2055; x_wconf 87' lang='lat' dir='ltr'>ree</span> <span class='ocrx_word' id='word_1_180' title='bbox 698 2015 748 2055; x_wconf 89' lang='lat' dir='ltr'>eos</span> <span class='ocrx_word' id='word_1_181' title='bbox 753 1993 936 2072; x_wconf 84' lang='lat' dir='ltr'>jampridem,</span> <span class='ocrx_word' id='word_1_182' title='bbox 946 1993 1018 2049; x_wconf 87' lang='lat' dir='ltr'>fides</span> <span class='ocrx_word' id='word_1_183' title='bbox 1028 1991 1153 2048; x_wconf 86' lang='lat' dir='ltr'>deiicere</span> 
     </span>
     <span class='ocr_line' id='line_1_23' title="bbox 173 2068 1154 2150; baseline -0.006 -20"><span class='ocrx_word' id='word_1_184' title='bbox 173 2093 264 2149; x_wconf 85' lang='lat' dir='ltr'>nuper</span> <span class='ocrx_word' id='word_1_185' title='bbox 278 2076 382 2150; x_wconf 86' lang='lat' dir='ltr'>coepit:</span> <span class='ocrx_word' id='word_1_186' title='bbox 403 2077 506 2134; x_wconf 88' lang='lat' dir='ltr'>eadem</span> <span class='ocrx_word' id='word_1_187' title='bbox 519 2088 617 2135; x_wconf 84' lang='lat' dir='ltr'>tamen</span> <span class='ocrx_word' id='word_1_188' title='bbox 631 2075 691 2144; x_wconf 87' lang='lat' dir='ltr'>illa,</span> <span class='ocrx_word' id='word_1_189' title='bbox 702 2095 766 2150; x_wconf 80' lang='lat' dir='ltr'>qnae</span> <span class='ocrx_word' id='word_1_190' title='bbox 777 2072 881 2133; x_wconf 90' lang='lat' dir='ltr'>eratin</span> <span class='ocrx_word' id='word_1_191' title='bbox 893 2070 1079 2139; x_wconf 71' lang='lat' dir='ltr'>abundantia,</span> <span class='ocrx_word' id='word_1_192' title='bbox 1091 2068 1154 2125; x_wconf 92' lang='lat' dir='ltr'>libi·</span> 
     </span>
     <span class='ocr_line' id='line_1_24' title="bbox 173 2145 1152 2227; baseline -0.006 -18"><span class='ocrx_word' id='word_1_193' title='bbox 173 2152 210 2209; x_wconf 93' lang='lat' dir='ltr'>do</span> <span class='ocrx_word' id='word_1_194' title='bbox 222 2162 379 2227; x_wconf 86' lang='lat' dir='ltr'>permanet.</span> <span class='ocrx_word' id='word_1_195' title='bbox 420 2153 513 2214; x_wconf 78' lang='lat' dir='ltr'>Qubd</span> <span class='ocrx_word' id='word_1_196' title='bbox 526 2155 550 2210; x_wconf 91' lang='lat' dir='ltr'>si</span> <span class='ocrx_word' id='word_1_197' title='bbox 564 2154 595 2211; x_wconf 93' lang='lat' dir='ltr'>in</span> <span class='ocrx_word' id='word_1_198' title='bbox 609 2154 677 2211; x_wconf 88' lang='lat' dir='ltr'>rino</span> <span class='ocrx_word' id='word_1_199' title='bbox 699 2163 730 2210; x_wconf 90' lang='lat' dir='ltr'>et</span> <span class='ocrx_word' id='word_1_200' title='bbox 753 2150 817 2211; x_wconf 74' lang='lat' dir='ltr'>alei</span> <span class='ocrx_word' id='word_1_201' title='bbox 831 2150 1048 2210; x_wconf 85' lang='lat' dir='ltr'>comissationes</span> <span class='ocrx_word' id='word_1_202' title='bbox 1061 2145 1152 2205; x_wconf 81' lang='lat' dir='ltr'>soldm</span> 
     </span>
    </p>

    <p class='ocr_par' dir='ltr' id='par_1_7' title="bbox 93 2227 1201 2623">
     <span class='ocr_line' id='line_1_25' title="bbox 93 2227 1154 2308; baseline -0.007 -19"><span class='ocrx_word' id='word_1_203' title='bbox 93 2276 96 2281; x_wconf 80' lang='lat'><strong>.</strong></span> <span class='ocrx_word' id='word_1_204' title='bbox 174 2240 203 2289; x_wconf 89' lang='lat' dir='ltr'>et</span> <span class='ocrx_word' id='word_1_205' title='bbox 217 2240 313 2288; x_wconf 88' lang='lat' dir='ltr'>scorta</span> <span class='ocrx_word' id='word_1_206' title='bbox 325 2241 503 2304; x_wconf 78' lang='lat' dir='ltr'>quererent3</span> <span class='ocrx_word' id='word_1_207' title='bbox 524 2241 621 2290; x_wconf 86' lang='lat' dir='ltr'>essent</span> <span class='ocrx_word' id='word_1_208' title='bbox 640 2232 682 2288; x_wconf 88' lang='lat' dir='ltr'>illi</span> <span class='ocrx_word' id='word_1_209' title='bbox 702 2232 819 2308; x_wconf 89' lang='lat' dir='ltr'>quidem</span> <span class='ocrx_word' id='word_1_210' title='bbox 833 2228 1021 2308; x_wconf 88' lang='lat' dir='ltr'>desperandi;</span> <span class='ocrx_word' id='word_1_211' title='bbox 1043 2227 1093 2284; x_wconf 87' lang='lat' dir='ltr'>sed</span> <span class='ocrx_word' id='word_1_212' title='bbox 1113 2238 1154 2283; x_wconf 89' lang='lat' dir='ltr'>ta·</span> 
     </span>
     <span class='ocr_line' id='line_1_26' title="bbox 173 2305 1201 2387; baseline -0.004 -22"><span class='ocrx_word' id='word_1_213' title='bbox 173 2327 241 2366; x_wconf 89' lang='lat' dir='ltr'>men</span> <span class='ocrx_word' id='word_1_214' title='bbox 268 2318 365 2366; x_wconf 87' lang='lat' dir='ltr'>essent</span> <span class='ocrx_word' id='word_1_215' title='bbox 392 2308 510 2367; x_wconf 88' lang='lat' dir='ltr'>serendi.</span> <span class='ocrx_word' id='word_1_216' title='bbox 552 2309 619 2369; x_wconf 91' lang='lat' dir='ltr'>Hoc</span> <span class='ocrx_word' id='word_1_217' title='bbox 645 2308 714 2369; x_wconf 83' lang='lat' dir='ltr'>verb</span> <span class='ocrx_word' id='word_1_218' title='bbox 740 2311 805 2387; x_wconf 87' lang='lat' dir='ltr'>quis</span> <span class='ocrx_word' id='word_1_219' title='bbox 829 2311 903 2370; x_wconf 84' lang='lat' dir='ltr'>serre</span> <span class='ocrx_word' id='word_1_220' title='bbox 928 2308 1027 2387; x_wconf 86' lang='lat' dir='ltr'>possit,</span> <span class='ocrx_word' id='word_1_221' title='bbox 1047 2305 1201 2363; x_wconf 82' lang='lat' dir='ltr'>inertes25</span> 
     </span>
     <span class='ocr_line' id='line_1_27' title="bbox 174 2383 1152 2465; baseline -0.004 -21"><span class='ocrx_word' id='word_1_222' title='bbox 174 2388 305 2444; x_wconf 90' lang='lat' dir='ltr'>homines</span> <span class='ocrx_word' id='word_1_223' title='bbox 318 2387 480 2445; x_wconf 82' lang='lat' dir='ltr'>fortissimis</span> <span class='ocrx_word' id='word_1_224' title='bbox 492 2388 560 2446; x_wconf 82' lang='lat' dir='ltr'>viris</span> <span class='ocrx_word' id='word_1_225' title='bbox 570 2383 1152 2465; x_wconf 85' lang='lat' dir='ltr'>insidiari,stultissimosprudentissimis,</span> 
     </span>
     <span class='ocr_line' id='line_1_28' title="bbox 174 2464 1153 2545; baseline 0.001 -23"><span class='ocrx_word' id='word_1_226' title='bbox 174 2464 300 2522; x_wconf 87' lang='lat' dir='ltr'>ebriosos</span> <span class='ocrx_word' id='word_1_227' title='bbox 309 2465 421 2537; x_wconf 87' lang='lat' dir='ltr'>sobriis,</span> <span class='ocrx_word' id='word_1_228' title='bbox 435 2465 610 2527; x_wconf 89' lang='lat' dir='ltr'>dormientes</span> <span class='ocrx_word' id='word_1_229' title='bbox 619 2468 825 2545; x_wconf 81' lang='lat' dir='ltr'>vigilantibusl</span> <span class='ocrx_word' id='word_1_230' title='bbox 844 2468 905 2545; x_wconf 91' lang='lat' dir='ltr'>qui,</span> <span class='ocrx_word' id='word_1_231' title='bbox 915 2465 997 2535; x_wconf 91' lang='lat' dir='ltr'>mibi,</span> <span class='ocrx_word' id='word_1_232' title='bbox 1009 2464 1153 2523; x_wconf 88' lang='lat' dir='ltr'>accuban-</span> 
     </span>
     <span class='ocr_line' id='line_1_29' title="bbox 173 2538 1152 2623; baseline -0.002 -23"><span class='ocrx_word' id='word_1_233' title='bbox 173 2553 218 2600; x_wconf 84' lang='lat' dir='ltr'>tes</span> <span class='ocrx_word' id='word_1_234' title='bbox 231 2543 260 2600; x_wconf 92' lang='lat' dir='ltr'>in</span> <span class='ocrx_word' id='word_1_235' title='bbox 275 2544 423 2616; x_wconf 74' lang='lat' dir='ltr'>dominiis,</span> <span class='ocrx_word' id='word_1_236' title='bbox 437 2547 577 2623; x_wconf 83' lang='lat' dir='ltr'>complexi</span> <span class='ocrx_word' id='word_1_237' title='bbox 592 2547 729 2606; x_wconf 87' lang='lat' dir='ltr'>mulieres</span> <span class='ocrx_word' id='word_1_238' title='bbox 743 2548 912 2621; x_wconf 85' lang='lat' dir='ltr'>impudicas,</span> <span class='ocrx_word' id='word_1_239' title='bbox 926 2543 994 2601; x_wconf 87' lang='lat' dir='ltr'>rino</span> <span class='ocrx_word' id='word_1_240' title='bbox 1011 2538 1152 2619; x_wconf 83' lang='lat' dir='ltr'>languidi,</span> 
     </span>
    </p>

    <p class='ocr_par' dir='ltr' id='par_1_8' title="bbox 83 2622 1202 2847">
     <span class='ocr_line' id='line_1_30' title="bbox 83 2622 1154 2703; baseline 0.001 -27"><span class='ocrx_word' id='word_1_241' title='bbox 83 2660 94 2676; x_wconf 86' lang='lat'><strong>.</strong></span> <span class='ocrx_word' id='word_1_242' title='bbox 174 2622 299 2680; x_wconf 83' lang='lat' dir='ltr'>confecti</span> <span class='ocrx_word' id='word_1_243' title='bbox 313 2623 388 2695; x_wconf 92' lang='lat' dir='ltr'>cibo,</span> <span class='ocrx_word' id='word_1_244' title='bbox 402 2624 486 2682; x_wconf 88' lang='lat' dir='ltr'>sertis</span> <span class='ocrx_word' id='word_1_245' title='bbox 499 2626 807 2703; x_wconf 81' lang='lat' dir='ltr'>redimiti„unguentis</span> <span class='ocrx_word' id='word_1_246' title='bbox 826 2623 918 2694; x_wconf 93' lang='lat' dir='ltr'>obliti,</span> <span class='ocrx_word' id='word_1_247' title='bbox 933 2622 1074 2681; x_wconf 89' lang='lat' dir='ltr'>debilitati</span> <span class='ocrx_word' id='word_1_248' title='bbox 1096 2631 1154 2677; x_wconf 88' lang='lat' dir='ltr'>stu·</span> 
     </span>
     <span class='ocr_line' id='line_1_31' title="bbox 174 2697 1202 2836; baseline -0.003 -79"><span class='ocrx_word' id='word_1_249' title='bbox 174 2701 241 2790; x_wconf 88' lang='lat' dir='ltr'>pris,</span> <span class='ocrx_word' id='word_1_250' title='bbox 255 2713 388 2836; x_wconf 47' lang='lat' dir='ltr'>{ructant</span> <span class='ocrx_word' id='word_1_251' title='bbox 400 2705 581 2763; x_wconf 87' lang='lat' dir='ltr'>sermonibus</span> <span class='ocrx_word' id='word_1_252' title='bbox 594 2705 655 2763; x_wconf 89' lang='lat' dir='ltr'>suis</span> <span class='ocrx_word' id='word_1_253' title='bbox 667 2701 778 2763; x_wconf 73' lang='lat' dir='ltr'>cedem</span> <span class='ocrx_word' id='word_1_254' title='bbox 798 2703 947 2774; x_wconf 87' lang='lat' dir='ltr'>bonorum,</span> <span class='ocrx_word' id='word_1_255' title='bbox 962 2712 1046 2777; x_wconf 87' lang='lat' dir='ltr'>atque</span> <span class='ocrx_word' id='word_1_256' title='bbox 1067 2699 1154 2758; x_wconf 92' lang='lat' dir='ltr'>Urbis</span> <span class='ocrx_word' id='word_1_257' title='bbox 1165 2697 1202 2753; x_wconf 78' lang='lat'>3⁰</span> 
     </span>
     <span class='ocr_line' id='line_1_32' title="bbox 175 2790 912 2847; baseline 0.008 -11"><span class='ocrx_word' id='word_1_258' title='bbox 175 2797 261 2837; x_wconf 90' lang='lat' dir='ltr'>mcen</span> <span class='ocrx_word' id='word_1_259' title='bbox 283 2800 319 2837; x_wconf 77' lang='lat' dir='ltr'>ra</span> <span class='ocrx_word' id='word_1_260' title='bbox 455 2835 461 2847; x_wconf 86' lang='grc'><em>,</em></span> <span class='ocrx_word' id='word_1_261' title='bbox 910 2790 912 2795; x_wconf 84' lang='grc'><strong>’</strong></span> 
     </span>
    </p>

    <p class='ocr_par' dir='ltr' id='par_1_9' title="bbox 144 2852 1202 3884">
     <span class='ocr_line' id='line_1_33' title="bbox 144 2852 1151 2938; baseline -0.001 -23"><span class='ocrx_word' id='word_1_262' title='bbox 144 2852 196 2935; x_wconf 65' lang='lat' dir='ltr'>ji</span> <span class='ocrx_word' id='word_1_263' title='bbox 212 2857 330 2918; x_wconf 78' lang='lat' dir='ltr'>Quibus</span> <span class='ocrx_word' id='word_1_264' title='bbox 343 2878 399 2936; x_wconf 86' lang='lat' dir='ltr'>ego</span> <span class='ocrx_word' id='word_1_265' title='bbox 411 2860 526 2919; x_wconf 88' lang='lat' dir='ltr'>confido</span> <span class='ocrx_word' id='word_1_266' title='bbox 540 2861 707 2938; x_wconf 88' lang='lat' dir='ltr'>impendere</span> <span class='ocrx_word' id='word_1_267' title='bbox 720 2861 812 2919; x_wconf 83' lang='lat' dir='ltr'>fatum</span> <span class='ocrx_word' id='word_1_268' title='bbox 836 2859 949 2937; x_wconf 88' lang='lat' dir='ltr'>aliquod</span> <span class='ocrx_word' id='word_1_269' title='bbox 960 2881 967 2930; x_wconf 72' lang='grc' dir='ltr'><strong><em>ς</em></strong></span> <span class='ocrx_word' id='word_1_270' title='bbox 989 2869 1019 2917; x_wconf 93' lang='lat' dir='ltr'>et</span> <span class='ocrx_word' id='word_1_271' title='bbox 1040 2875 1151 2935; x_wconf 84' lang='lat' dir='ltr'>poenas,</span> 
     </span>
     <span class='ocr_line' id='line_1_34' title="bbox 181 2936 1154 3017; baseline 0 -25"><span class='ocrx_word' id='word_1_272' title='bbox 181 2936 292 3011; x_wconf 87' lang='lat' dir='ltr'>jamdiu</span> <span class='ocrx_word' id='word_1_273' title='bbox 307 2937 491 3014; x_wconf 84' lang='lat' dir='ltr'>improbitati,</span> <span class='ocrx_word' id='word_1_274' title='bbox 505 2940 652 3017; x_wconf 79' lang='lat' dir='ltr'>nequitie,</span> <span class='ocrx_word' id='word_1_275' title='bbox 666 2940 781 3011; x_wconf 86' lang='lat' dir='ltr'>sceleri,</span> <span class='ocrx_word' id='word_1_276' title='bbox 792 2939 905 2997; x_wconf 91' lang='lat' dir='ltr'>libidini</span> <span class='ocrx_word' id='word_1_277' title='bbox 915 2940 1036 3010; x_wconf 85' lang='lat' dir='ltr'>debitas,</span> <span class='ocrx_word' id='word_1_278' title='bbox 1048 2947 1098 2995; x_wconf 90' lang='lat' dir='ltr'>aut</span> <span class='ocrx_word' id='word_1_279' title='bbox 1111 2936 1154 2992; x_wconf 92' lang='lat' dir='ltr'>in·</span> 
     </span>
     <span class='ocr_line' id='line_1_35' title="bbox 174 3015 1154 3096; baseline -0.001 -24"><span class='ocrx_word' id='word_1_280' title='bbox 174 3024 250 3073; x_wconf 86' lang='lat' dir='ltr'>stare</span> <span class='ocrx_word' id='word_1_281' title='bbox 260 3015 320 3090; x_wconf 84' lang='lat' dir='ltr'>jam</span> <span class='ocrx_word' id='word_1_282' title='bbox 334 3016 430 3092; x_wconf 77' lang='lat' dir='ltr'>plane,</span> <span class='ocrx_word' id='word_1_283' title='bbox 445 3028 495 3076; x_wconf 92' lang='lat' dir='ltr'>aut</span> <span class='ocrx_word' id='word_1_284' title='bbox 508 3019 589 3078; x_wconf 75' lang='lat' dir='ltr'>certe</span> <span class='ocrx_word' id='word_1_285' title='bbox 600 3019 661 3095; x_wconf 86' lang='lat' dir='ltr'>jam</span> <span class='ocrx_word' id='word_1_286' title='bbox 676 3019 909 3096; x_wconf 87' lang='lat' dir='ltr'>appropinquare.</span> <span class='ocrx_word' id='word_1_287' title='bbox 940 3018 1026 3079; x_wconf 77' lang='lat' dir='ltr'>Quos</span> <span class='ocrx_word' id='word_1_288' title='bbox 1036 3017 1061 3074; x_wconf 93' lang='lat' dir='ltr'>si</span> <span class='ocrx_word' id='word_1_289' title='bbox 1071 3034 1154 3073; x_wconf 89' lang='lat' dir='ltr'>meus</span> 
     </span>
     <span class='ocr_line' id='line_1_36' title="bbox 173 3092 1202 3175; baseline -0.004 -24"><span class='ocrx_word' id='word_1_290' title='bbox 173 3094 350 3163; x_wconf 87' lang='lat' dir='ltr'>consulatus,</span> <span class='ocrx_word' id='word_1_291' title='bbox 364 3096 499 3169; x_wconf 88' lang='lat' dir='ltr'>quoniam</span> <span class='ocrx_word' id='word_1_292' title='bbox 512 3117 615 3156; x_wconf 88' lang='lat' dir='ltr'>sanare</span> <span class='ocrx_word' id='word_1_293' title='bbox 629 3118 686 3156; x_wconf 91' lang='lat' dir='ltr'>non</span> <span class='ocrx_word' id='word_1_294' title='bbox 700 3108 802 3175; x_wconf 90' lang='lat' dir='ltr'>potest,</span> <span class='ocrx_word' id='word_1_295' title='bbox 813 3097 974 3166; x_wconf 89' lang='lat' dir='ltr'>sustulerit;</span> <span class='ocrx_word' id='word_1_296' title='bbox 996 3115 1053 3154; x_wconf 90' lang='lat' dir='ltr'>non</span> <span class='ocrx_word' id='word_1_297' title='bbox 1067 3095 1154 3151; x_wconf 87' lang='lat' dir='ltr'>breve</span> <span class='ocrx_word' id='word_1_298' title='bbox 1166 3092 1202 3147; x_wconf 79' lang='lat'>35</span> 
     </span>
     <span class='ocr_line' id='line_1_37' title="bbox 173 3171 1152 3253; baseline -0.001 -23"><span class='ocrx_word' id='word_1_299' title='bbox 173 3171 273 3230; x_wconf 88' lang='lat' dir='ltr'>nescio</span> <span class='ocrx_word' id='word_1_300' title='bbox 286 3172 363 3247; x_wconf 90' lang='lat' dir='ltr'>quod</span> <span class='ocrx_word' id='word_1_301' title='bbox 372 3182 494 3250; x_wconf 89' lang='lat' dir='ltr'>tempus,</span> <span class='ocrx_word' id='word_1_302' title='bbox 505 3177 556 3233; x_wconf 91' lang='lat' dir='ltr'>sed</span> <span class='ocrx_word' id='word_1_303' title='bbox 570 3178 661 3234; x_wconf 87' lang='lat' dir='ltr'>multa</span> <span class='ocrx_word' id='word_1_304' title='bbox 674 3176 791 3248; x_wconf 82' lang='lat' dir='ltr'>saecnla,</span> <span class='ocrx_word' id='word_1_305' title='bbox 802 3175 966 3253; x_wconf 76' lang='lat' dir='ltr'>propagdrit</span> <span class='ocrx_word' id='word_1_306' title='bbox 978 3172 1152 3250; x_wconf 78' lang='lat' dir='ltr'>reipublice.</span> 
     </span>
     <span class='ocr_line' id='line_1_38' title="bbox 174 3250 1153 3333; baseline 0.003 -26"><span class='ocrx_word' id='word_1_307' title='bbox 174 3250 266 3308; x_wconf 92' lang='lat' dir='ltr'>Nulla</span> <span class='ocrx_word' id='word_1_308' title='bbox 279 3260 323 3327; x_wconf 82' lang='lat' dir='ltr'>est</span> <span class='ocrx_word' id='word_1_309' title='bbox 336 3251 415 3309; x_wconf 90' lang='lat' dir='ltr'>enim</span> <span class='ocrx_word' id='word_1_310' title='bbox 429 3253 516 3325; x_wconf 89' lang='lat' dir='ltr'>natio,</span> <span class='ocrx_word' id='word_1_311' title='bbox 531 3274 618 3330; x_wconf 89' lang='lat' dir='ltr'>qnam</span> <span class='ocrx_word' id='word_1_312' title='bbox 638 3257 893 3333; x_wconf 86' lang='lat' dir='ltr'>pertimescamus:</span> <span class='ocrx_word' id='word_1_313' title='bbox 914 3254 1010 3313; x_wconf 91' lang='lat' dir='ltr'>nullus</span> <span class='ocrx_word' id='word_1_314' title='bbox 1030 3271 1090 3323; x_wconf 82' lang='lat' dir='ltr'>rex,</span> <span class='ocrx_word' id='word_1_315' title='bbox 1104 3252 1153 3327; x_wconf 91' lang='lat' dir='ltr'>qni</span> 
     </span>
     <span class='ocr_line' id='line_1_39' title="bbox 174 3329 1153 3420; baseline 0.002 -34"><span class='ocrx_word' id='word_1_316' title='bbox 174 3329 399 3420; x_wconf 86' lang='lat' dir='ltr'>bellnmpopulo</span> <span class='ocrx_word' id='word_1_317' title='bbox 413 3331 548 3392; x_wconf 85' lang='lat' dir='ltr'>Romano</span> <span class='ocrx_word' id='word_1_318' title='bbox 563 3333 659 3392; x_wconf 80' lang='lat' dir='ltr'>secere</span> <span class='ocrx_word' id='word_1_319' title='bbox 679 3336 776 3411; x_wconf 87' lang='lat' dir='ltr'>possit.</span> <span class='ocrx_word' id='word_1_320' title='bbox 817 3334 927 3392; x_wconf 85' lang='lat' dir='ltr'>Omnia</span> <span class='ocrx_word' id='word_1_321' title='bbox 947 3343 1013 3390; x_wconf 88' lang='lat' dir='ltr'>sunt</span> <span class='ocrx_word' id='word_1_322' title='bbox 1034 3342 1153 3390; x_wconf 88' lang='lat' dir='ltr'>externa</span> 
     </span>
     <span class='ocr_line' id='line_1_40' title="bbox 174 3410 1151 3498; baseline 0.002 -33"><span class='ocrx_word' id='word_1_323' title='bbox 174 3427 260 3498; x_wconf 82' lang='lat' dir='ltr'>umus</span> <span class='ocrx_word' id='word_1_324' title='bbox 268 3420 371 3468; x_wconf 82' lang='lat' dir='ltr'>virtute</span> <span class='ocrx_word' id='word_1_325' title='bbox 379 3410 456 3469; x_wconf 73' lang='lat' dir='ltr'>terrai</span> <span class='ocrx_word' id='word_1_326' title='bbox 464 3413 594 3489; x_wconf 92' lang='lat' dir='ltr'>marique</span> <span class='ocrx_word' id='word_1_327' title='bbox 601 3424 718 3490; x_wconf 87' lang='lat' dir='ltr'>pacata:</span> <span class='ocrx_word' id='word_1_328' title='bbox 728 3413 918 3472; x_wconf 86' lang='lat' dir='ltr'>domesticum</span> <span class='ocrx_word' id='word_1_329' title='bbox 925 3412 1031 3470; x_wconf 86' lang='lat' dir='ltr'>bellum</span> <span class='ocrx_word' id='word_1_330' title='bbox 1039 3419 1151 3468; x_wconf 88' lang='lat' dir='ltr'>manet:</span> 
     </span>
     <span class='ocr_line' id='line_1_41' title="bbox 173 3485 1202 3569; baseline 0.002 -24"><span class='ocrx_word' id='word_1_331' title='bbox 173 3497 251 3545; x_wconf 89' lang='lat' dir='ltr'>mtus</span> <span class='ocrx_word' id='word_1_332' title='bbox 260 3488 370 3547; x_wconf 73' lang='lat' dir='ltr'>insidiae</span> <span class='ocrx_word' id='word_1_333' title='bbox 379 3500 447 3549; x_wconf 89' lang='lat' dir='ltr'>sunt</span> <span class='ocrx_word' id='word_1_334' title='bbox 456 3511 463 3548; x_wconf 93' lang='lat'>:</span> <span class='ocrx_word' id='word_1_335' title='bbox 472 3491 550 3550; x_wconf 90' lang='lat' dir='ltr'>intus</span> <span class='ocrx_word' id='word_1_336' title='bbox 559 3492 702 3551; x_wconf 90' lang='lat' dir='ltr'>inclusum</span> <span class='ocrx_word' id='word_1_337' title='bbox 711 3493 873 3569; x_wconf 89' lang='lat' dir='ltr'>periculum</span> <span class='ocrx_word' id='word_1_338' title='bbox 881 3502 925 3549; x_wconf 86' lang='lat' dir='ltr'>est</span> <span class='ocrx_word' id='word_1_339' title='bbox 934 3511 941 3548; x_wconf 94' lang='lat'>:</span> <span class='ocrx_word' id='word_1_340' title='bbox 953 3493 1029 3548; x_wconf 86' lang='lat' dir='ltr'>intus</span> <span class='ocrx_word' id='word_1_341' title='bbox 1036 3501 1080 3547; x_wconf 86' lang='lat' dir='ltr'>est</span> <span class='ocrx_word' id='word_1_342' title='bbox 1090 3490 1155 3547; x_wconf 88' lang='lat' dir='ltr'>hos-</span> <span class='ocrx_word' id='word_1_343' title='bbox 1165 3485 1202 3539; x_wconf 74' lang='lat'>4⁰</span> 
     </span>
     <span class='ocr_line' id='line_1_42' title="bbox 173 3566 1153 3642; baseline -0.002 -18"><span class='ocrx_word' id='word_1_344' title='bbox 173 3566 218 3624; x_wconf 90' lang='lat' dir='ltr'>tis.</span> <span class='ocrx_word' id='word_1_345' title='bbox 246 3567 323 3625; x_wconf 86' lang='lat' dir='ltr'>Cum</span> <span class='ocrx_word' id='word_1_346' title='bbox 331 3568 444 3627; x_wconf 75' lang='lat' dir='ltr'>luxurii</span> <span class='ocrx_word' id='word_1_347' title='bbox 453 3571 544 3642; x_wconf 89' lang='lat' dir='ltr'>nobis,</span> <span class='ocrx_word' id='word_1_348' title='bbox 554 3590 621 3630; x_wconf 87' lang='lat' dir='ltr'>eum</span> <span class='ocrx_word' id='word_1_349' title='bbox 631 3571 768 3641; x_wconf 70' lang='lat' dir='ltr'>amentis,</span> <span class='ocrx_word' id='word_1_350' title='bbox 777 3589 845 3629; x_wconf 90' lang='lat' dir='ltr'>cum</span> <span class='ocrx_word' id='word_1_351' title='bbox 854 3571 974 3639; x_wconf 88' lang='lat' dir='ltr'>scelere,</span> <span class='ocrx_word' id='word_1_352' title='bbox 983 3568 1153 3627; x_wconf 82' lang='lat' dir='ltr'>certandum</span> 
     </span>
     <span class='ocr_line' id='line_1_43' title="bbox 173 3645 1154 3726; baseline -0.003 -23"><span class='ocrx_word' id='word_1_353' title='bbox 173 3655 225 3703; x_wconf 89' lang='lat' dir='ltr'>est.</span> <span class='ocrx_word' id='word_1_354' title='bbox 267 3646 348 3705; x_wconf 88' lang='lat' dir='ltr'>Huic</span> <span class='ocrx_word' id='word_1_355' title='bbox 361 3667 416 3725; x_wconf 78' lang='lat' dir='ltr'>ego</span> <span class='ocrx_word' id='word_1_356' title='bbox 429 3667 475 3706; x_wconf 89' lang='lat' dir='ltr'>me</span> <span class='ocrx_word' id='word_1_357' title='bbox 489 3650 574 3720; x_wconf 89' lang='lat' dir='ltr'>bello,</span> <span class='ocrx_word' id='word_1_358' title='bbox 584 3650 729 3721; x_wconf 76' lang='lat' dir='ltr'>Quirites,</span> <span class='ocrx_word' id='word_1_359' title='bbox 740 3648 871 3726; x_wconf 87' lang='lat' dir='ltr'>profiteor</span> <span class='ocrx_word' id='word_1_360' title='bbox 885 3650 1007 3715; x_wconf 88' lang='lat' dir='ltr'>ducem;</span> <span class='ocrx_word' id='word_1_361' title='bbox 1028 3645 1154 3720; x_wconf 87' lang='lat' dir='ltr'>suscipio</span> 
     </span>
     <span class='ocr_line' id='line_1_44' title="bbox 174 3722 1155 3805; baseline -0.005 -24"><span class='ocrx_word' id='word_1_362' title='bbox 174 3723 341 3784; x_wconf 89' lang='lat' dir='ltr'>inimicitias</span> <span class='ocrx_word' id='word_1_363' title='bbox 351 3727 498 3786; x_wconf 87' lang='lat' dir='ltr'>hominnm</span> <span class='ocrx_word' id='word_1_364' title='bbox 507 3728 691 3805; x_wconf 87' lang='lat' dir='ltr'>perditorum.</span> <span class='ocrx_word' id='word_1_365' title='bbox 732 3728 810 3789; x_wconf 79' lang='lat' dir='ltr'>Quae</span> <span class='ocrx_word' id='word_1_366' title='bbox 823 3727 919 3785; x_wconf 89' lang='lat' dir='ltr'>sanari</span> <span class='ocrx_word' id='word_1_367' title='bbox 932 3736 1076 3803; x_wconf 85' lang='lat' dir='ltr'>poterunt,</span> <span class='ocrx_word' id='word_1_368' title='bbox 1086 3722 1155 3796; x_wconf 81' lang='lat' dir='ltr'>qud·</span> 
     </span>
     <span class='ocr_line' id='line_1_45' title="bbox 175 3797 1198 3884; baseline -0.008 -23"><span class='ocrx_word' id='word_1_369' title='bbox 175 3821 291 3880; x_wconf 88' lang='lat' dir='ltr'>cunque</span> <span class='ocrx_word' id='word_1_370' title='bbox 304 3805 415 3865; x_wconf 87' lang='lat' dir='ltr'>ratione</span> <span class='ocrx_word' id='word_1_371' title='bbox 429 3808 557 3867; x_wconf 87' lang='lat' dir='ltr'>sanabo:</span> <span class='ocrx_word' id='word_1_372' title='bbox 577 3827 641 3884; x_wconf 83' lang='lat' dir='ltr'>quae</span> <span class='ocrx_word' id='word_1_373' title='bbox 654 3807 816 3865; x_wconf 85' lang='lat' dir='ltr'>resecanda</span> <span class='ocrx_word' id='word_1_374' title='bbox 828 3815 923 3875; x_wconf 87' lang='lat' dir='ltr'>erunt,</span> <span class='ocrx_word' id='word_1_375' title='bbox 934 3823 991 3862; x_wconf 90' lang='lat' dir='ltr'>non</span> <span class='ocrx_word' id='word_1_376' title='bbox 1008 3801 1101 3876; x_wconf 84' lang='lat' dir='ltr'>patiar</span> <span class='ocrx_word' id='word_1_377' title='bbox 1119 3797 1154 3854; x_wconf 84' lang='lat' dir='ltr'>ad</span> <span class='ocrx_word' id='word_1_378' title='bbox 1194 3838 1198 3843; x_wconf 78' lang='lat'><em>-</em></span> 
     </span>
    </p>
   </div>
   <div class='ocr_carea' id='block_1_4' title="bbox 0 0 1355 4484">
    <p class='ocr_par' dir='ltr' id='par_1_10' title="bbox 0 0 1355 4484">
     <span class='ocr_line' id='line_1_46' title="bbox 0 0 1355 4484; baseline 0 0"><span class='ocrx_word' id='word_1_379' title='bbox 0 0 1355 4484; x_wconf 95' lang='lat' dir='ltr'> </span> 
     </span>
    </p>
   </div>
  </div>
 </body>
</html>
