2692 4484
172 338 215 397 213
427 333 566 384 ORATIO
588 334 638 384 lll.
660 335 698 384 IN
723 337 755 383 h.
777 333 993 384 CATILINAM.

226 480 303 537 hanc
323 477 424 534 urbem
444 477 591 536 conditam
612 476 874 555 amplificatamque
891 480 1023 537 servavit.
1064 479 1144 537 Nam
1158 481 1211 539 toti
1251 454 1253 457 V
1307 488 1310 493 ’

225 557 303 629 urbi,
309 557 432 633 templis,
443 557 580 629 delubris,
591 558 678 633 tectis
688 576 724 615 ac
734 559 887 653 mengisus,
898 559 1044 635 subjectos
1052 559 1139 650 prope
1149 561 1213 636 jam
1318 556 1319 559 ’

224 636 308 714 ignes
322 636 573 713 circumdatosque
603 620 802 709 ebtiditlriiiist‘
813 638 960 714 udemque
970 637 1082 714 gladios
1092 659 1122 696 m
1136 658 1212 697 rem-

223 715 370 792 publicam
384 715 535 774 destrictos
549 657 720 787 ridtdrrlus,
735 734 945 792 mucronesque
958 736 1058 775 eorum
1072 737 1090 775 a
1100 718 1213 796 jugulis

171 794 190 846 5
224 795 325 853 vestris
340 791 538 875 [dejecimus]
580 795 659 857 Qua
669 795 806 871 quoniam
816 795 847 853 in
857 806 960 854 senatu
971 796 1122 869 illustrata,
1132 808 1213 873 pate-

130 882 136 895 ·
224 875 311 945 facta,
326 883 473 950 comperta
492 885 560 933 sunt
578 893 630 951 per
650 893 713 944 me;
735 873 815 932 vobis
832 875 894 951 jam
913 894 1055 952 exponam
1076 876 1211 948 breviter,

221 953 371 1024 Quiritem
393 963 425 1010 ut
438 963 468 1011 et
481 964 598 1030 quanta,
612 964 643 1012 et
655 952 743 1029 quim
756 954 919 1033 manifesta,
930 965 960 1013 et
973 956 1031 1032 qua
1044 956 1154 1014 ratione
1168 957 1212 1013 in'·

223 1033 364 1110 vestigata
384 1043 414 1091 et
436 1035 644 1109 comprehensa
664 1034 732 1105 sint,
747 1052 806 1105 vos,
820 1034 870 1110 qui
891 1034 1040 1111 ignoratis,
1057 1034 1208 1115 [exactis]

223 1113 298 1171 scire
311 1112 433 1189 possitis.
1264 1114 1269 1125 '

172 1194 206 1246 10
264 1190 412 1269 Principid
432 1202 464 1249 ut
484 1192 614 1251 Catilina
632 1192 736 1268 paucis
750 1191 818 1250 ante
833 1193 936 1252 diebus
949 1195 1042 1271 erupit
1061 1213 1098 1253 ex
1117 1194 1210 1267 Urbe,

224 1270 292 1330 crim
306 1271 424 1329 sceleris
444 1272 489 1329 sui
509 1273 612 1344 socios,
627 1272 750 1348 hujusce
769 1273 874 1331 nefarii
895 1273 963 1332 belli
984 1275 1138 1333 acerrimos
1157 1275 1212 1330 du·

224 1371 284 1422 ces,
298 1351 402 1409 Roma
422 1352 599 1428 reliquisset:
621 1371 733 1428 semper
747 1352 863 1429 vigilavi
883 1363 913 1410 et
952 1374 965 1410 r
983 1353 1052 1425 vidi,
1064 1352 1210 1425 Quirites,

223 1428 475 1508 quemadmodum,
496 1431 526 1488 in
546 1431 639 1507 tantis¹
655 1440 685 1489 et
704 1441 764 1489 tam
791 1373 1116 1504 auseobtlirllinsidiis,
1137 1432 1210 1490 salvi

222 1529 454 1587 essepossemus.
746 1556 748 1559 .

172 1595 205 1648 15
263 1589 304 1647 ΙΙ.
345 1588 424 1647 Nam
444 1600 516 1661 tum,
531 1588 600 1648 cum
620 1609 658 1649 ex
677 1591 756 1649 Urbe
777 1590 935 1650 Catilinam
955 1590 1121 1667 ejiciebam,
1136 1589 1210 1667 (non

223 1670 301 1727 enim
318 1669 380 1746 jam
400 1688 498 1728 vereor
522 1669 608 1746 hujus
628 1670 709 1728 verbi
729 1670 877 1741 invidiam,
898 1668 967 1728 edm
988 1670 1038 1727 illa
1058 1671 1152 1747 magis
1171 1670 1211 1728 sit

223 1748 361 1820 timenda,
375 1746 453 1825 qubd
467 1749 548 1807 vivus
561 1749 745 1828 exierit).sed
758 1759 830 1821 tum,
845 1748 913 1811 sirm
927 1749 1009 1808 illum
1023 1749 1210 1808 exterminari

223 1828 370 1899 volebam;
392 1839 442 1886 aut
452 1829 593 1905 reliquam
604 1829 818 1905 conjuratorum
829 1847 948 1887 manum
958 1828 1043 1886 simul
1054 1830 1209 1900 exituram,

224 1917 274 1965 aut
295 1928 353 1980 eos,
374 1908 424 1985 qui
444 1910 624 1980 restitissent,
646 1908 774 1977 infirmos
797 1909 860 1966 sine
881 1908 930 1967 illo
951 1927 986 1966 ac
1006 1908 1117 1966 debiles
1138 1907 1210 1979 lore,

169 1999 205 2054 20
221 1984 368 2064 putabanl.
411 1988 509 2066 Atque
522 2009 586 2066 ego,
600 1998 633 2046 ut
645 1988 716 2061 vidi,
726 2007 798 2064 quos
807 1989 933 2047 maximo
947 1988 1042 2046 lurore
1055 1998 1084 2045 et
1098 1987 1211 2046 scelere

223 2087 287 2127 esse
307 2067 499 2128 inflammatos
519 2069 657 2140 sciebam,
671 2088 722 2127 eos
741 2068 893 2127 nobiscum
906 2087 980 2140 esse,
994 2077 1024 2126 et
1044 2066 1148 2125 Romae
1167 2085 1212 2124 re·

223 2149 380 2221 mansisse3
402 2148 433 2209 in
453 2170 489 2209 eo
508 2168 608 2208 omnes
627 2148 692 2207 dies
711 2159 868 2225 noctesque
888 2146 1063 2226 consumpsi,
1077 2156 1119 2217 ut,
1140 2145 1211 2222 quid

223 2241 353 2306 agerent,
367 2231 436 2307 quid
457 2231 635 2301 molirentur,
650 2230 788 2289 sentirem
805 2248 841 2287 ac
853 2228 982 2287 viderem
990 2248 998 2298 ;
1019 2236 1061 2298 ut,
1075 2224 1211 2302 quoniam

224 2310 343 2367 auribus
356 2310 467 2381 vestris,
480 2320 594 2387 propter
608 2309 811 2367 incredibilem
831 2308 1062 2387 magnitudinem
1082 2304 1210 2377 sceleris,

169 2395 206 2449 25
223 2389 363 2447 minorem
377 2389 465 2446 fidem
479 2389 588 2446 faceret
598 2389 691 2445 oratio
705 2406 780 2458 mea,
794 2407 857 2444 rem
870 2388 912 2445 ita
925 2383 1210 2461 comprehenderem,

223 2475 255 2521 ut
268 2476 330 2521 tum
343 2467 461 2522 demum
475 2467 580 2521 animis
593 2464 681 2520 saluti
701 2474 802 2520 vestrae
821 2463 1018 2536 provideretis,
1033 2463 1103 2519 cum
1119 2463 1212 2521 oculis

222 2542 398 2599 maleficium
412 2543 507 2618 ipsum
519 2540 664 2600 videretis.
706 2539 819 2614 Itaque,
835 2548 866 2595 ut
885 2540 1022 2614 comperi,
1036 2540 1146 2619 legatos
1159 2542 1211 2599 Al·

222 2620 381 2698 lobrogum,
405 2620 473 2679 belli
501 2618 690 2695 Transalpini
710 2627 740 2676 et
762 2616 904 2674 tumultus
929 2618 1037 2677 Gallici
1064 2621 1211 2680 excitandi

222 2701 322 2772 causa,
338 2719 356 2758 a
375 2701 408 2758 P.
427 2699 552 2758 Lentulo
572 2717 636 2758 esse
656 2697 834 2768 sollicitatos,
849 2715 955 2771 eosque
975 2697 1006 2756 in
1026 2699 1153 2757 Galliam
1174 2701 1211 2758 ad

169 2786 205 2841 30
222 2798 288 2837 suos
312 2779 400 2852 cives,
424 2780 584 2855 eodemque
604 2776 718 2847 itinere,
740 2795 808 2834 cum
831 2775 923 2834 literis
943 2778 1155 2854 mandatisque,
1175 2781 1212 2838 ad

222 2859 391 2931 Catilinam,
405 2878 469 2917 esse
490 2857 602 2928 missae,
627 2855 820 2931 comitemque
841 2856 877 2913 iis
900 2857 1070 2934 adjunctum
1094 2859 1213 2918 Vultur·

223 2939 312 3011 cium,
328 2951 414 3014 atque
428 2938 498 2997 huic
511 2937 595 2996 datas
605 2955 669 2995 esse
681 2936 718 2993 ad
731 2935 890 2994 Catilinam
903 2936 1020 3010 literas;
1043 2938 1212 2997 facultatem

160 3018 163 3025 '
223 3018 294 3076 mihi
308 3019 434 3077 oblatam
443 3017 552 3094 putavi,
563 3028 596 3075 ut
608 3014 698 3096 (quod
712 3026 775 3074 erat
788 3016 1002 3090 difficillimum,
1013 3018 1146 3095 quodque
1156 3039 1212 3095 ego

176 3171 181 3176 .
223 3117 335 3176 semper
343 3098 477 3175 optabam
489 3097 580 3156 aDiis
589 3096 811 3178 immortalibus)
822 3107 882 3156 tota
892 3118 948 3170 res,
957 3119 1015 3158 non
1024 3095 1116 3158 solum
1126 3114 1143 3154 a
1153 3117 1211 3171 me,

146 3232 151 3245 ,
169 3184 206 3238 35
223 3179 275 3238 sed
289 3180 377 3238 etiam
391 3189 524 3237 asenam
539 3189 568 3238 et
582 3198 600 3237 a
613 3178 703 3250 vobis,
718 3175 871 3238 manifesti)
886 3179 1156 3256 deprehenderetur.

226 3280 234 3325 i
263 3259 366 3336 Itaque
386 3260 521 3319 hesterno
540 3260 588 3319 die
608 3260 643 3318 L
664 3259 808 3318 Flaccum
821 3270 850 3318 et
871 3258 906 3317 C.
927 3259 1121 3334 Pomptinum,
1142 3276 1212 3332 prae·

223 3351 308 3411 tores,
330 3339 498 3398 fortissimos
527 3351 612 3415 atque
643 3339 855 3397 amantissimos
881 3336 1047 3411 reipublicae
1068 3336 1152 3407 viros,
1174 3336 1212 3393 ad
1318 3381 1321 3387 .

224 3437 270 3476 me
284 3419 402 3477 vocavi:
423 3437 485 3478 rem
497 3437 612 3476 omnem
627 3417 760 3493 exposui:
782 3416 852 3491 quid
865 3414 928 3471 lieri
937 3414 1074 3489 placeret,
1088 3416 1210 3473 ostendi.

225 3497 272 3555 llli
287 3509 336 3556 aut
410 3497 474 3575 (qui
494 3498 592 3556 omnia
611 3497 648 3554 de
668 3494 818 3572 republica
837 3492 977 3572 praeclara
995 3502 1079 3568 atque
1093 3495 1212 3572 egregia

171 3581 207 3634 40
224 3579 331 3637 sentire
400 3579 464 3637 sine
490 3576 684 3646 recusatione,
712 3593 748 3632 ac
775 3574 838 3632 sine
865 3571 924 3630 ulla
951 3572 1041 3644 mord,
1062 3574 1211 3649 negotium

224 3670 432 3736 susceperunt;
462 3666 500 3730 et,
522 3655 590 3715 crim
619 3655 880 3730 advesperasceret,
900 3650 1015 3710 occulte
1038 3653 1074 3710 ad
1094 3663 1211 3729 pontem

226 3736 369 3795 Mulvium
379 3746 587 3817 pervenerunt;
604 3745 689 3811 atque
701 3733 741 3792 ibi
752 3733 782 3791 in
792 3731 929 3811 proximis
938 3732 1014 3790 villis
1024 3732 1065 3790 ita
1075 3731 1209 3810 bipartiti)

226 3818 351 3891 luerunt,
361 3830 394 3876 ut
403 3817 522 3878 Tiberis
533 3816 607 3875 inter
618 3834 667 3873 eos
677 3825 707 3873 et
715 3830 787 3891 pons
796 3813 955 3872 interesset.
990 3810 1103 3871 Ebdem
1114 3823 1211 3870 autem

225 3908 255 3955 et
269 3899 332 3974 ipsi,
347 3899 411 3957 sine
425 3898 594 3975 cujusquam
608 3895 782 3972 suspicione,
796 3893 901 3952 multos
915 3892 1001 3951 fortes
1015 3892 1089 3951 viros
1106 3893 1211 3950 eduxe-
