2692 4484
384 339 521 390 oasam
543 337 581 386 rs
605 336 643 386 M.
665 302 872 387 inueniunt.
1120 342 1176 401 141

132 485 225 556 dam3
246 495 286 557 ut,
301 483 325 541 si
338 483 442 560 saepius
455 481 664 540 decertandum
688 478 726 536 sit
740 478 787 558 (ut
807 478 888 561 erit),
909 498 1024 556 semper
1038 499 1128 538 novus

132 564 267 622 veniam:
297 582 383 639 quam
414 561 582 636 facultatem
611 558 684 616 mihi
711 558 865 617 multitudo
890 559 974 618 istius
994 558 1128 618 vitiorum

131 645 374 719 peccatorumque
386 641 516 719 largitur.
977 639 983 647 '

173 719 291 780 XVIII.
327 720 420 781 Visne
440 719 528 797 igitur
549 727 578 775 te
599 715 788 791 inspiciamus
808 735 826 774 a
847 719 959 794 puerol
1002 717 1055 776 Sic
1068 717 1129 794 opi·

132 819 194 858 nor.
235 801 264 858 A
287 800 430 878 principio
452 799 607 857 ordiamur.
649 793 787 854 Tenesne
807 796 955 869 memorid,
977 808 1128 876 praetexta-
1162 808 1180 861 5

131 889 195 936 tum
215 889 244 937 te
265 879 436 938 decoxissel
477 875 583 947 Patris,
605 874 729 949 inquies,
744 874 800 932 ista
823 875 972 952 culpaest.
1014 877 1128 935 Conce-

132 959 188 1017 do:
210 959 318 1017 etenim
332 967 376 1016 est
389 956 505 1034 pietatis
513 954 601 1031 plena
613 953 751 1012 defensio.
792 952 871 1011 Illud
883 964 981 1013 tamen
997 956 1126 1014 audaciae

131 1047 202 1109 tuae,
216 1036 295 1112 qued
309 1035 409 1094 sedisti
423 1036 454 1093 in
469 1032 687 1109 quatuordecim
699 1032 858 1104 ordinibus,
872 1031 942 1091 cirm
964 1044 1049 1105 esset,
1061 1034 1127 1112 lege

134 1115 258 1187 Roscii,
272 1113 474 1173 decoctoribus
497 1122 593 1170 certus
615 1111 696 1169 locus
719 1111 901 1185 constitutus,
915 1112 1043 1188 quamvis
1063 1113 1127 1188 quis

135 1195 258 1252 fortunae
272 1193 351 1264 vitio,
365 1212 423 1250 non
437 1211 498 1263 suo,
513 1189 680 1249 decoxisset.
1144 1203 1179 1258 10
1210 1191 1212 1194 ’

180 1272 334 1348 Sumpsisti
347 1271 458 1329 virilem
479 1280 585 1348 togam,
610 1288 696 1344 quam
720 1269 817 1327 statim
840 1269 1011 1328 muliebrem
1031 1280 1127 1348 togam

137 1350 306 1408 reddidisti:
336 1348 427 1427 primd
458 1349 575 1445 vulgare
603 1360 746 1407 scortum:
776 1359 856 1407 certa
884 1348 986 1427 flagitii
1005 1368 1126 1423 merces,

137 1448 195 1487 nec
208 1448 351 1506 caparra.
394 1430 453 1487 Sed
467 1430 525 1487 cito
540 1427 631 1487 Curio
645 1427 808 1499 Intervenit,
823 1427 873 1503 qui
891 1438 921 1486 te
935 1447 952 1487 a
964 1429 1129 1488 meretricio

136 1517 248 1583 quaestu
263 1508 396 1578 abduxit;
418 1518 456 1580 et,
471 1504 609 1584 tanquam
623 1507 726 1565 stolam
741 1507 878 1579 dedisset,
893 1507 923 1566 iu
946 1508 1128 1582 matr'mmnio

135 1587 233 1645 stabili
247 1597 276 1645 et
289 1596 368 1646 certo
381 1587 493 1646 locavit.
1147 1597 1181 1650 15

176 1666 271 1724 Nemo
290 1685 419 1741 unquam
439 1686 520 1743 puer,
541 1677 655 1743 emptus
675 1665 806 1725 libidinis
828 1664 929 1736 causi,
942 1674 1003 1723 tam
1023 1664 1078 1723 fuit
1097 1664 1129 1722 iu

136 1745 245 1803 domini
263 1755 413 1822 potestate,
434 1744 522 1820 quim
542 1755 573 1803 tu
600 1745 631 1803 iu
659 1744 805 1804 Curionis.
853 1743 980 1805 Quoties
1000 1751 1029 1802 te
1049 1753 1130 1820 pater

136 1824 198 1901 ejus
211 1824 297 1882 domo
316 1824 369 1882 suri
390 1824 496 1901 ejecitl
517 1824 628 1901 quoties
648 1825 782 1882 custodes
801 1823 906 1900 posuit,
926 1842 965 1882 ne
984 1822 1073 1881 limen
1087 1822 1131 1880 in·

136 1904 248 1961 traresl
269 1902 338 1961 oiim
351 1913 383 1961 tu
396 1913 505 1976 tamen,
519 1904 606 1962 nocte
620 1902 712 1976 socii,
724 1905 857 1963 hortante
880 1902 1011 1974 libidine,
1026 1921 1131 1979 eogen-

135 1992 166 2039 te
178 1982 323 2054 mercede,
336 2002 387 2059 per
399 1983 514 2060 tegulas
527 1982 728 2041 demitterere:
748 2002 812 2060 quae
831 1981 943 2059 flagitia
960 1982 1062 2039 domus
1081 1980 1131 2038 illa
1146 1985 1182 2041 at

137 2060 245 2117 diutius
259 2061 333 2119 ferre
347 2081 404 2119 non
417 2062 518 2137 potuit.
561 2061 675 2132 Scisne,
689 2080 736 2119 me
758 2063 795 2121 de
816 2061 904 2120 rebus
927 2060 998 2118 mihi
1019 2059 1131 2118 notissi-

138 2139 193 2195 mis
211 2139 342 2196 'dicerel
383 2139 552 2212 Recordare
578 2150 692 2217 tempus
725 2140 806 2212 illud,
834 2137 902 2197 clim
932 2149 1013 2217 pater
1042 2137 1132 2197 Curio

138 2235 263 2273 maerens
280 2216 397 2292 jacebat
416 2217 447 2275 in
467 2217 561 2276 lecto:
582 2219 667 2290 filius,
689 2237 720 2277 se
742 2220 778 2277 ad
803 2220 892 2296 pedes
912 2237 992 2277 meos
1010 2227 1131 2294 proster-

137 2314 221 2366 nens,
234 2295 407 2371 lacrymans,
421 2305 451 2354 te
471 2291 543 2354 mibi
563 2298 799 2370 commendabat;
820 2299 931 2369 orabat,
942 2308 974 2355 ut
987 2307 1016 2354 te
1030 2306 1131 2355 contra

137 2392 223 2431 suum
242 2383 363 2450 patrem,
384 2374 592 2433 si·sestertium
620 2375 751 2453 sexagies
778 2386 898 2454 peteret,
927 2375 1129 2434 defenderem:
1146 2392 1182 2447 25

136 2462 251 2510 tantum
271 2453 350 2511 enirn
369 2473 401 2512 se
420 2464 471 2530 pro
499 2464 527 2511 te
548 2454 754 2514 intercessisse.
808 2455 875 2532 Ipse
903 2465 1010 2526 autem,
1032 2472 1129 2515 amore

137 2532 252 2603 ardens,
267 2531 465 2604 confirmabat,
483 2531 561 2607 qudd
582 2533 758 2592 desiderium
772 2533 815 2592 tui
835 2534 951 2593 discidii
975 2533 1050 2592 ferre
1070 2553 1128 2592 nou

136 2621 240 2686 posset,
255 2630 287 2669 se
301 2611 330 2669 iu
344 2610 476 2669 exsilium
490 2631 554 2670 esse
568 2611 684 2670 iturum.

174 2688 245 2751 Quo
258 2709 314 2766 ego
326 2700 453 2766 tempore
467 2699 548 2749 tauta
561 2691 638 2749 mala
652 2690 860 2750 florentissimae
883 2691 999 2750 familiae
1019 2690 1127 2763 sedavi,

136 2767 180 2824 vel
193 2766 288 2844 potiris
301 2768 411 2827 sustuli.
453 2769 533 2828 Patri
546 2770 686 2846 persuasi,
700 2781 733 2829 ut
747 2790 785 2829 aas
809 2770 935 2830 alienum
956 2770 1008 2830 filii
1029 2771 1128 2829 dissol·
1144 2785 1181 2839 30
1287 2811 1291 2817 ,
1340 2775 1341 2814 ἶ

137 2856 231 2917 reret:
252 2848 406 2906 redimeret
428 2849 651 2921 adolescentem,
672 2850 786 2907 summa
807 2869 857 2925 spe
876 2859 906 2907 et
926 2850 1015 2908 animi
1036 2860 1067 2908 et
1086 2849 1129 2908 iu-

138 2926 217 3001 genii
235 2927 397 3002 preditum,
418 2927 461 2985 rei
483 2926 632 2987 familiaris
648 2928 867 2998 facultatibus:
896 2948 1020 3004 eumque
1041 2948 1058 2987 a
1077 2928 1128 2986 turi

137 3024 193 3062 nen
213 3004 299 3061 modo
321 3005 526 3078 familiaritate,
541 3007 592 3064 sed
617 3008 706 3065 etiam
727 3005 941 3084 congressione,
954 3008 1047 3084 patrio
1064 3007 1129 3084 jure

138 3091 167 3139 et
178 3092 318 3157 potestate
330 3083 502 3158 prohiberet.
544 3085 619 3143 Haec
632 3096 664 3143 tu
679 3084 747 3144 crim
766 3105 818 3164 per
839 3104 886 3143 me
900 3096 966 3143 acta
985 3086 1131 3144 meminis·

139 3179 202 3231 ses3
224 3160 280 3217 nisi
311 3161 377 3232 illis,
399 3180 469 3236 quos
490 3163 629 3236 videmus,
648 3157 755 3241 ¹gladiis
776 3163 947 3237 confideres,
966 3150 1130 3223 maledictis
1145 3173 1181 3230 ³5

139 3257 185 3296 me
198 3258 351 3315 provocare
366 3259 454 3297 ausus
467 3243 563 3299 essesl
677 3297 680 3302 ,

177 3316 265 3376 XIX.
301 3318 360 3375 Sed
371 3319 431 3395 jam
446 3330 544 3396 stupra
557 3331 586 3379 et
599 3319 710 3398 flagitia
730 3321 879 3380 omittam:
900 3331 968 3380 sunt
987 3323 1127 3398 quaedam,

137 3415 199 3471 quae
213 3395 333 3455 honeste
348 3417 406 3456 non
419 3417 535 3474 possum
555 3400 670 3458 dicere:
691 3411 724 3458 tu
744 3411 840 3458 autem
854 3400 889 3461 ed
910 3401 1035 3474 liberior,
1050 3401 1128 3477 qudd

137 3476 215 3534 eain
227 3486 257 3534 ta
272 3476 423 3549 admisisti,
438 3496 502 3553 quae
517 3498 535 3537 a
548 3480 713 3538 verecundo
726 3479 845 3538 inimico
868 3481 968 3540 audire
988 3501 1045 3540 non
1066 3501 1128 3559 pos·

137 3573 189 3612 ses.
232 3555 291 3613 Sed
304 3555 447 3632 reIIquum
460 3556 526 3615 vitae
537 3577 657 3615 cursum
678 3558 790 3617 videte:
810 3579 895 3636 quem
916 3559 1032 3635 quidem
1053 3562 1128 3619 cele·
1143 3567 1180 3622 40

138 3633 204 3691 riter
223 3633 421 3712 perstringam.
463 3636 513 3693 Ad
539 3637 603 3695 haec
629 3638 719 3709 enim,
746 3655 810 3713 quae
830 3639 861 3697 in
891 3639 969 3698 ciuili
990 3639 1075 3711 bello,
1097 3639 1128 3697 in

138 3710 269 3769 maximis
288 3713 453 3790 reipublicae
474 3714 607 3787 miseriis,
629 3717 709 3788 fecit,
738 3718 825 3775 etad
853 3737 889 3776 ea
915 3737 979 3794 quae
1000 3717 1128 3793 quotidie

138 3790 216 3863 facit,
248 3792 363 3875 festinat
393 3794 514 3852 animus.
563 3795 651 3867 Qua,
681 3807 758 3872 peto,
779 3805 821 3867 ut,
842 3814 1008 3870 quanquam
1035 3793 1127 3849 multo

138 3870 247 3930 notiora
274 3871 353 3930 vobis
381 3871 469 3948 quim
498 3872 570 3931 mihi
598 3884 676 3946 sunt,
696 3885 795 3932 tamen
816 3872 863 3951 (ut
886 3871 996 3948 facitis)
1019 3867 1127 3926 attenta
