2692 4484
409 313 545 366 ORATIO
567 310 605 363 IN
629 310 668 360 tt.
691 306 896 378 ANTONIUM.
1144 309 1196 367 181

161 461 314 537 lustrisque
328 459 485 518 conlectus.
526 457 568 514 At
581 474 645 532 ego,
659 464 798 528 tanquam
819 450 890 508 mihi
905 466 973 507 cum
988 445 1030 504 M.
1046 447 1151 507 Crasso

162 541 307 598 contentio
319 547 405 610 esset,
419 555 544 614 quocum
557 534 655 592 multe
679 543 709 590 et
729 549 841 607 magnae
864 529 990 599 suerunt,
1005 547 1064 585 non
1085 545 1152 585 cum

162 638 220 677 uuo
232 618 389 696 gladiatore
402 615 589 692 nequissimo,
604 615 640 670 de
663 609 814 686 republica
828 607 951 685 graviter
965 625 1100 683 querens,
1115 607 1152 665 de

153 697 277 755 homine
297 696 368 754 nihil
400 695 468 752 dixi.
519 692 623 768 Itaque
652 690 740 748 hodie
768 687 926 765 perficiam,
946 695 979 743 ut
998 686 1142 764 intelligat

161 785 300 851 quantum
315 794 332 833 a
345 794 393 833 me
406 772 581 831 beneficium
595 780 657 828 tum
671 767 825 844 acceperit.
1187 785 1205 838 5

201 854 255 912 IV.
276 854 319 912 At
332 854 422 913 etiam
444 851 554 921 literas,
576 867 649 926 quas
669 865 717 904 me
740 846 795 903 sibi
819 844 931 918 misisse
944 843 1063 917 diceret,
1077 843 1153 903 reci·

162 933 244 1004 tavit,
258 934 344 990 homo
366 941 396 989 et
409 927 598 1004 humanitatis
620 944 731 1002 expers,
752 934 782 982 et
804 923 869 981 vite
892 922 1051 982 communis
1071 923 1153 1002 igna-

162 1030 220 1070 rus.
260 1010 340 1073 Quis
353 1008 433 1067 enim
455 1025 593 1082 unquam,
617 1004 667 1080 qui
680 1001 798 1081 paulum
821 1000 906 1061 moda
928 1001 1066 1060 bonorum
1086 1022 1153 1062 con·

163 1089 347 1148 suetudinem
361 1086 469 1158 ndsset,
482 1085 581 1143 literas
595 1083 632 1141 ad
654 1103 686 1142 se
700 1083 737 1140 ab
760 1082 854 1140 amico
872 1081 984 1152 missas,
997 1081 1152 1140 offensione
1246 1154 1248 1160 Ι

166 1168 264 1242 aliqua
285 1165 462 1242 interpositi,
477 1163 508 1222 in
531 1162 658 1222 medium
680 1160 806 1239 protulit,
827 1160 979 1237 palamque
1000 1160 1152 1218 recitavitl
1170 1169 1205 1224 10

166 1245 251 1308 Quid
264 1255 309 1303 est
322 1245 411 1315 aliud,
425 1243 525 1302 tollere
547 1263 565 1301 e
585 1241 644 1299 vita
666 1241 732 1299 vita
746 1240 923 1310 societatem,
947 1236 1034 1314 quim
1054 1240 1153 1301 tollere

168 1323 329 1383 amicorum
350 1322 491 1398 colloquia
514 1320 698 1379 absentiuml
737 1316 840 1382 Quam
860 1317 951 1375 multa
970 1318 1037 1394 joca
1062 1319 1154 1378 solent

167 1422 231 1461 esse
252 1403 282 1461 in
311 1402 447 1479 epistolis,
476 1419 549 1476 quae,
576 1399 687 1477 prolata
716 1398 741 1456 si
768 1399 836 1469 sint,
863 1397 962 1472 inepta
986 1397 1152 1456 videantur!

167 1479 255 1556 quam
268 1481 359 1538 multa
372 1481 456 1552 seria,
471 1498 566 1554 neque
578 1489 678 1537 tamen
691 1478 750 1536 ullo
763 1477 848 1536 modo
861 1476 1053 1552 divulgandal
1123 1495 1126 1499 ’

206 1561 251 1617 sn
265 1561 321 1618 hoc
334 1559 554 1618 inhumanitatis
566 1567 643 1616 tue:
664 1555 816 1614 stultitiam
837 1554 1037 1614 incredibilem
1050 1555 1153 1613 videte.
1173 1563 1206 1617 15

164 1638 247 1701 Quid
261 1639 360 1710 habes,
374 1639 450 1715 quod
463 1637 535 1695 mihi
558 1655 696 1714 opponas,
710 1637 796 1694 homo
818 1635 936 1705 diserte,
960 1645 993 1691 ut
1012 1633 1155 1694 Mustellae

166 1716 297 1776 Tamisio
310 1727 339 1775 et
350 1716 454 1776 Tironi
467 1716 604 1776 Numisio
626 1714 755 1774 viderisl
786 1714 836 1790 qui
854 1712 923 1772 edm
937 1714 992 1772 hoc
1005 1714 1067 1790 ipso
1085 1723 1157 1771 tem·

164 1816 232 1874 pore
250 1805 327 1854 stent
340 1816 407 1855 cum
421 1796 526 1875 gladiis
549 1796 580 1854 in
603 1804 761 1872 conspectu
784 1793 912 1865 senatus,
927 1812 1107 1871 egoquoque
1127 1803 1157 1851 te

166 1875 305 1934 disertum
322 1877 440 1952 putabo,
461 1876 487 1934 si
507 1874 678 1946 ostenderis,
693 1873 835 1950 quomodo
857 1871 897 1930 sis
919 1891 969 1930 eos
988 1872 1062 1931 inter
1082 1872 1156 1930 sica-

166 1954 223 2013 rios
236 1954 415 2013 defensurus.
458 1954 518 2012 Sed
541 1952 612 2029 quid
633 1972 759 2030 opponas
780 1952 910 2024 tandem,
934 1951 960 2010 si
973 1969 1088 2028 negem,
1108 1970 1156 2009 me
1173 1954 1209 2009 20

167 2051 294 2108 unquam
308 2033 377 2090 istas
387 2034 489 2091 literas
503 2032 540 2090 ad
552 2042 582 2091 te
596 2033 730 2091 misissel
751 2050 808 2107 quo
826 2050 874 2090 me
893 2040 967 2089 teste
981 2030 1157 2089 convincasl

168 2129 206 2169 an
220 2111 434 2187 chirographo!
456 2112 487 2169 in
501 2129 559 2185 quo
570 2111 662 2168 habes
680 2110 832 2169 scientiam
855 2119 1054 2185 quaestucsam.
1094 2107 1158 2172 Qui

168 2189 279 2266 possisl
301 2198 369 2247 sunt
381 2189 460 2249 enim
472 2188 583 2247 librarii
596 2208 694 2247 manu.
734 2188 752 2246 J
755 2208 801 2247 am
821 2188 937 2248 invideo
949 2187 1086 2265 magistro
1098 2198 1157 2261 tuo,

169 2268 218 2344 qui
232 2277 271 2339 te,
285 2268 367 2326 tantd
389 2268 535 2341 mercede,
559 2277 697 2345 quantam
717 2267 777 2345 jam
799 2269 951 2345 proteram,
965 2267 1038 2326 nihil
1058 2286 1158 2345 sapere

170 2346 278 2405 docuit.
1174 2362 1211 2417 25

208 2425 292 2488 Quid
319 2427 397 2485 enim
423 2436 468 2485 est
493 2423 600 2497 minus,
624 2446 683 2486 non
709 2425 776 2486 dico
797 2425 926 2500 oratoris,
950 2426 1002 2486 sed
1023 2425 1157 2499 hominis,

169 2503 256 2581 qudm
281 2504 311 2562 id
333 2504 458 2582 objicere
482 2505 654 2579 adversario,
668 2507 744 2582 quod
758 2507 844 2566 illesi
860 2507 948 2564 verbo
960 2506 1083 2585 negtirit,
1097 2506 1159 2565 lon·

168 2581 234 2661 gius
247 2585 379 2661 progredi
393 2604 450 2644 non
463 2584 560 2662 possit,
575 2585 624 2661 qui
647 2585 808 2662 objeceritl
848 2586 890 2643 At
910 2605 965 2663 ego
985 2606 1044 2644 non
1062 2604 1157 2663 nego:

167 2672 254 2738 teque
268 2664 299 2721 in
313 2663 367 2722 isto
380 2663 441 2741 ipsc
455 2664 605 2736 convinco,
619 2684 678 2723 non
692 2664 910 2723 inhumanitatis
923 2664 1026 2737 solum,
1040 2665 1092 2723 sed
1106 2665 1158 2723 eti-

65 2815 70 2822 *
106 2765 111 2774 ·
169 2760 216 2799 am
238 2743 379 2801 amentiae.
420 2743 511 2806 Quod
532 2743 611 2802 enim
631 2745 752 2802 verbum
773 2743 802 2802 in
827 2744 889 2802 istis
910 2744 1003 2803 literis
1025 2753 1079 2816 est,
1099 2764 1158 2802 uon
1174 2737 1211 2811 ad

167 2820 285 2896 plenum
311 2822 509 2893 humanitatis,
535 2822 633 2895 officii,
660 2823 888 2882 benevolentiael
936 2822 1034 2882 Omne
1062 2832 1158 2881 autem

168 2899 279 2958 crimen
292 2910 375 2957 tuum
388 2911 441 2973 est,
456 2900 535 2976 qudd
559 2903 595 2961 de
618 2911 648 2959 te
661 2902 693 2960 in
716 2901 762 2959 his
783 2901 874 2961 literis
896 2921 954 2960 non
971 2900 1047 2960 male
1063 2900 1160 2960 existi·

169 2996 263 3047 mem3
285 2976 364 3052 qudd
377 2981 503 3038 scribam
515 2989 653 3056 tanquam
676 2981 713 3038 ad
726 2981 830 3051 civem,
844 2990 981 3056 tanquam
995 2981 1032 3039 ad
1052 2982 1160 3040 bonum

168 3056 272 3126 virum,
299 3076 357 3114 non
381 3067 519 3133 tanquam
543 3059 579 3116 ad
602 3058 777 3117 sceleratum
799 3068 829 3117 et
854 3060 1002 3118 latronem.
1044 3060 1086 3117 At
1106 3078 1161 3137 ego

169 3143 235 3191 tuas
252 3134 352 3192 literas
376 3132 443 3212 (etsi
462 3136 526 3213 jure
548 3147 720 3213 poteram,a
742 3148 772 3195 te
794 3138 959 3216 lacessitus)
984 3148 1082 3197 tamen
1102 3158 1161 3197 non
1176 3149 1213 3205 35

151 3212 328 3289 vprol'eram3
350 3215 454 3290 quibus
466 3215 552 3291 petis,
576 3225 608 3273 ut
629 3215 682 3273 tibi
703 3235 754 3292 per
776 3236 823 3273 me
844 3216 933 3274 liceat
956 3216 1100 3292 quendam
1123 3218 1160 3276 de

58 3323 62 3332 ·
169 3291 270 3349 exsilio
283 3293 441 3364 reducere;
464 3294 644 3370 adjurasque,
659 3294 689 3352 id
712 3305 751 3367 te,
765 3295 855 3354 invito
876 3313 932 3367 me,
946 3315 1004 3354 non
1025 3315 1088 3355 esse
1102 3296 1160 3355 sac·

167 3378 283 3428 turum:
305 3371 393 3447 idque
407 3391 424 3430 a
437 3392 484 3431 me
507 3373 651 3449 impetras.
692 3374 776 3437 Quid
789 3374 868 3433 enim
882 3393 928 3433 me
948 3375 1159 3451 interponerem

169 3447 298 3507 audaciae
320 3459 388 3521 tuae,
411 3470 498 3526 quam
521 3470 616 3526 neque
640 3452 796 3511 auctoritas
819 3452 904 3529 hujus
923 3453 1042 3526 ordinis,
1063 3474 1159 3530 neque

168 3527 339 3587 existimatio
361 3530 457 3607 populi
480 3530 618 3601 Romani,
642 3534 737 3607 neque
760 3532 840 3609 leges
863 3532 928 3590 ullae
950 3543 1066 3611 possent
1079 3538 1160 3593 codr-
1176 3543 1211 3597 40

169 3607 256 3663 cerel
297 3607 497 3668 Veruntamen
521 3608 591 3685 quid
614 3620 685 3682 erat,
700 3610 776 3686 quod
799 3630 846 3670 me
859 3630 987 3688 rogares,
1002 3614 1027 3671 si
1041 3622 1104 3671 erat
1123 3610 1158 3684 is,

169 3683 207 3741 de
220 3702 276 3759 quo
288 3689 419 3764 rogabas,
432 3687 558 3747 Caesaris
571 3688 635 3766 lege
648 3690 807 3748 reductusl
848 3691 908 3748 Sed
919 3690 1055 3749 videlicet
1065 3708 1160 3748 meam

170 3763 293 3843 gratiam
305 3766 394 3824 voluit
416 3787 498 3839 esse;
520 3767 551 3826 in
574 3786 631 3843 quo
651 3788 690 3828 ne
713 3768 805 3845 ipsius
827 3769 944 3844 quidem
968 3768 1029 3825 ulla
1048 3774 1161 3842 poterat

169 3860 244 3913 esse,
258 3841 324 3920 lege
341 3844 409 3903 lata.
