2692 4484
364 315 500 369 onemo
521 314 592 363 rito
614 311 715 363 auda
737 304 933 359 naturane.
1149 304 1189 362 79

152 466 292 532 dubitare,
306 461 362 519 Gai
375 461 484 528 Cesar,
498 456 622 515 similem
636 452 679 510 illi
692 450 790 528 gloriae
804 448 920 507 laudem
940 442 1028 521 quim
1049 443 1143 518 sepis·

153 546 225 603 sime
238 559 372 618 querere.
398 514 496 603 lNihil
510 545 555 592 est
568 532 646 591 enim
660 541 720 587 tam
740 527 885 603 populare,
899 523 988 601 quam
1012 523 1142 610 bonitas:

153 622 232 681 nulla
244 621 281 678 de
295 617 448 676 virtutibus
461 615 518 672 tuis
530 609 662 689 plurimis
675 627 731 665 nec
752 605 945 684 admirabilior
965 622 1022 660 nec
1035 611 1143 694 gratrpr

153 698 350 758 misericordia
364 706 416 754 est.
458 692 600 750 Homines
613 687 692 745 enim
714 684 751 742 ad
773 684 850 741 Deos
870 682 950 742 nulla
973 701 1005 740 re
1026 697 1143 756 proprus

76 810 80 817 ·
154 778 309 846 accedunt,
321 772 409 851 quam
423 772 545 829 salutem
560 765 725 824 bominibus
738 763 840 820 dando.
881 760 963 819 Nihil
986 760 1074 817 habet
1086 775 1143 817 nec
1174 757 1193 810 5

155 856 268 914 fortuna
281 865 332 911 tua
345 851 438 926 majus
469 847 537 907 urim
551 844 692 921 utpossis,
701 860 758 898 nec
767 850 870 898 natura
880 849 932 896 tua
945 838 1048 896 melius
1055 833 1143 911 quam
1162 824 1189 889 Υ

154 944 187 991 ut
200 933 281 1002 velis,
296 949 409 988 serrare
422 948 461 1003 qu
481 924 662 1000 mplurimos
687 934 690 989 t
705 918 876 994 Longiorem
889 916 1045 974 orationem
1055 931 1144 973 causa

157 1012 275 1069 forsitan
298 1008 432 1085 postulat,
445 1016 497 1062 tua
518 998 722 1063 certenatu'ra
742 996 908 1053 breviorem.
947 994 1060 1063 Quare,
1075 990 1144 1050 ciam

103 1146 108 1159 ,
156 1089 256 1146 utilius
269 1107 332 1145 esse
348 1085 478 1151 arbitrer,
491 1092 521 1137 te
536 1081 638 1156 ipsum,
652 1074 739 1151 quim
765 1082 814 1130 aut
835 1091 882 1129 me
903 1085 953 1128 aut
972 1089 1144 1146 quenquam,

157 1166 236 1240 loqui
250 1177 358 1232 tecum,
373 1162 460 1218 linem
471 1159 530 1234 jam
545 1156 666 1214 faciam:
687 1150 801 1210 tantum
813 1161 843 1209 te
864 1150 956 1226 ipsum
977 1149 1145 1219 admonebo,
1161 1144 1195 1199 10

159 1244 185 1376 qi
209 1243 251 1299 illi
273 1239 385 1297 absenti
406 1237 528 1295 salutem
550 1233 672 1304 dederis,
693 1230 883 1308 praesentibus
902 1228 948 1285 bis
966 1228 1098 1286 omnibus
1117 1237 1147 1284 te

155 1412 159 1420 ¹
183 1330 306 1376 uturum.
347 1416 351 1437 ι
399 1432 405 1437 ,
733 1350 775 1419 f„

467 1490 845 1527 m

539 1707 770 1789 ORATIO

262 1923 393 1997 PRO
437 1920 620 1996 REGE
663 1914 1046 1994 DEIOTARO.

549 2124 794 2151 ‘'——l‘

203 2253 228 2310 1.
262 2218 346 2323 cin,
360 2250 392 2310 iu
404 2251 538 2309 omnibus
561 2250 656 2317 causis
677 2249 863 2326 gravioribus,
878 2248 934 2307 Oai
948 2249 1058 2318 Caesar,
1073 2246 1154 2305 initio

164 2329 282 2389 dicendi
309 2328 481 2387 commoveri
513 2329 620 2386 soleam
645 2326 844 2386 vehementius
869 2327 956 2405 qudm
977 2326 1089 2383 videtur
1109 2325 1152 2383 rel

164 2427 234 2466 usus
248 2408 291 2465 vel
306 2417 375 2464 retas
388 2425 454 2464 mea
467 2406 628 2482 postulare3
649 2401 711 2464 tuin
725 2407 754 2464 in
769 2407 825 2464 bac
839 2406 927 2464 causi
948 2406 989 2462 ita
1002 2423 1049 2462 me
1064 2403 1153 2461 multa
1166 2400 1201 2459 15

162 2487 341 2563 perturbant,
356 2494 397 2554 ut,
411 2495 550 2560 quantum
565 2503 628 2542 mea
643 2485 715 2542 fides
728 2484 814 2541 studii
827 2484 897 2542 mihi
913 2484 1014 2542 afferat
1028 2482 1065 2541 ad
1078 2482 1153 2540 salu·
1189 2545 1192 2550 ,

163 2574 222 2623 tem
237 2565 314 2640 regis
327 2562 457 2621 Deiotari
471 2561 693 2633 defendendam,
707 2573 819 2620 tantum
842 2562 986 2621 facultatis
999 2562 1084 2619 timor
1104 2560 1153 2619 de·

162 2643 265 2700 trabat.
320 2639 460 2711 Primirm,
487 2639 555 2698 dico
572 2641 738 2717 procapite
759 2640 933 2716 fortunisque
959 2640 1055 2716 regis:
1075 2639 1152 2714 quod

118 2758 123 2765 ·
164 2720 256 2797 ipsum
270 2720 325 2776 etsi
338 2738 395 2777 non
410 2718 541 2794 iniquum
555 2729 608 2789 est,
623 2718 653 2776 in
676 2729 726 2776 tuo
739 2719 878 2776 duntaxat
889 2719 1033 2795 periculo;
1046 2728 1151 2779 ,tamen

163 2807 207 2855 est
220 2798 260 2856 ita
274 2795 453 2868 inusitatum,
467 2815 565 2874 regem
580 2795 683 2872 capitis
696 2815 778 2854 reum
792 2816 865 2867 esse,
880 2806 911 2854 ut
925 2807 992 2855 ante
1012 2797 1067 2854 hoc
1081 2806 1152 2853 tem·
1165 2799 1201 2854 20

163 2895 225 2952 pus·
237 2895 295 2934 non
314 2875 352 2933 sit
372 2875 511 2933 auditum.
562 2874 688 2946 Deinde,
709 2894 776 2933 eum
803 2894 911 2952 regem,
926 2894 1023 2964 'quem
1050 2893 1153 2933 ornare
1230 2888 1232 2893 ·

165 2965 251 3012 antea
264 2963 371 3012 cuncto
384 2973 451 3011 cum
465 2963 568 3012 senatu
582 2953 720 3024 solebam,
733 2973 786 3029 pro
806 2963 950 3029 perpetuis
970 2953 1032 3029 ejus
1046 2952 1075 3010 in
1089 2972 1154 3010 nos·
1183 3014 1187 3021 ,

165 3041 239 3088 tram
253 3031 460 3106 rempublicam
474 3031 593 3103 maritis,
602 3051 692 3102 nunc,
702 3042 803 3090 contra
814 3031 1023 3089 atrocissimum
1032 3031 1152 3100 crimen,

165 3128 252 3186 cogor
266 3108 430 3166 defendere.
471 3108 608 3180 Accedit,
622 3120 654 3168 ut
678 3121 880 3171 accusatorum
902 3109 1019 3167 alterius
1032 3107 1155 3166 crudeli·

164 3198 235 3257 tate,
256 3186 576 3264 alterius'indignitate,
603 3189 765 3246 conturber.
807 3187 963 3246 Crudelem
984 3185 1152 3244 Castorem!
1166 3187 1201 3240 25

57 3296 59 3300 ⁸
165 3286 204 3324 ne
218 3266 314 3322 dicam
329 3265 502 3322 sceleratum
515 3274 545 3322 et
558 3265 694 3342 impium;
716 3267 765 3342 qui
786 3286 875 3343 nepos
896 3284 981 3324 avum
1005 3264 1035 3323 in
1055 3264 1172 3322 discri-

164 3363 232 3402 men
246 3342 350 3418 capitis
364 3343 524 3415 adduxerit,
539 3344 797 3420 adulescentiaeque
816 3365 876 3403 sue
895 3355 1032 3402 terrorem
1052 3343 1154 3424 intule-

143 3422 201 3481 'rit
221 3421 247 3480 ei
269 3422 353 3498 cujus
371 3430 551 3480 senectutem
571 3423 645 3482 tueri
666 3435 696 3482 et
714 3436 812 3501 tegere
832 3423 971 3492 debebat3
1010 3441 1154 3481 commen·

164 3500 366 3575 dationemque
380 3500 507 3559 ineuntis
519 3502 613 3560 atatis
626 3503 663 3559 ab
678 3503 823 3579 impietate
846 3512 875 3560 et
898 3501 1008 3561 scelere
1021 3501 1134 3560 duxerit
1142 3520 1150 3570 ;

166 3579 211 3635 ari
230 3598 353 3651 serrum,
381 3590 545 3657 corruptum
568 3581 760 3657 praemiis,ad
789 3578 984 3639 accusandum
1005 3580 1152 3639 dominum
1165 3577 1202 3631 30
1286 3586 1287 3591 ’

78 3662 82 3671 ’
166 3655 318 3732 impulerit,
341 3668 371 3716 et
392 3678 410 3715 a
431 3659 590 3735 legatorum
613 3660 734 3736 pedibus
755 3659 914 3718 abduxerit.
956 3658 1083 3735 Fugitivi
1105 3676 1154 3714 au-

166 3743 235 3802 tem,
249 3734 395 3795 doruinum
406 3738 581 3810 accusantis,
591 3738 777 3798 etdominum
792 3739 951 3808 absentem,
965 3747 995 3794 et
1005 3736 1153 3794 dominum

100 3830 103 3835 ’
167 3808 371 3873 amicissimum
385 3826 487 3875 nostre
500 3817 677 3895 reipublicae,
692 3816 761 3877 ciam
774 3836 807 3875 os
825 3817 970 3884 ridebam,
985 3812 1054 3872 clam
1067 3810 1156 3869 rerba

1335 378 1337 445 l
