2692 4484
164 312 205 368 80
427 309 564 360 ORATIO
586 309 656 359 PRO
677 310 777 359 REGE
799 309 993 360 DEIOTARO.

217 452 401 521 audiebam;
409 459 541 509 nontam
555 450 691 509 afflictam
712 452 824 530 regiam
846 452 1042 511 conditionem
1062 454 1210 529 dolebam,

217 529 303 606 quim
330 530 366 588 de
390 529 510 588 fortunis
529 529 731 587 communibus
750 530 982 588 extimescebam.
1023 531 1160 603 Nam,
1127 553 1209 605 cum,

216 629 296 668 more
308 608 458 685 majorum,
472 607 510 665 de
532 627 614 666 servo
634 607 665 665 in
688 608 846 679 dominum,
860 628 898 666 ne
915 610 1065 667 tormentis
1079 612 1209 686 quidem,

217 688 306 764 quaeri
332 687 420 745 liceat
447 685 492 762 (in
519 687 576 776 qud
594 686 751 762 questione
770 686 850 744 dolor
869 705 966 744 veram
986 706 1086 745 vocem
1099 690 1209 748 elicere

182 766 305 844 5possit
324 766 413 823 etiam
434 764 471 821 ab
499 764 621 843 ιιιιιο)·
652 774 767 822 exortus
792 775 836 822 est
859 784 968 836 servus,
989 766 1048 840 qui,
1069 785 1155 842 quem
1175 769 1209 827 ιιι

218 846 341 920 equuleo
354 843 496 920 appellare
509 862 566 901 non
661 853 684 914 t,
697 861 765 901 eum
779 854 931 902 accusaret
943 844 1060 902 solutus

196 923 298 1059 ἶέΙ.
332 922 485 980 Perturbat
498 939 625 991 me,a1
570 764 748 992 dissiliant,
762 922 851 979 etiam
864 911 935 979 iltu'd
949 923 1109 992 interdum,
1129 926 1208 999 quod

278 1021 325 1071 en,
349 997 418 1058 cum
440 1009 470 1057 te
490 996 605 1075 penitis
621 999 789 1095 recognovi,
813 1001 914 1058 timere
936 1001 1054 1058 desino:
1076 1021 1107 1059 ιο
1126 1002 1208 1060 enim

220 1080 349 1156 iniquum
363 1087 416 1148 est,
430 1079 481 1135 sed
495 1077 546 1134 tusi
568 1078 710 1154 sapientia
723 1078 756 1134 fit
752 1078 972 1167 'aequissimum
1013 1078 1043 1135 N
1046 1098 1092 1135 am
1106 1080 1207 1140 dicere

171 1161 202 1214 10
221 1159 295 1253 apud
309 1175 376 1214 eum
390 1157 427 1213 de
450 1155 588 1226 facinore,
598 1165 699 1213 contra
711 1156 795 1231 cujus
805 1157 892 1213 vitam
906 1156 1058 1214 consilium
1069 1158 1207 1217 facinoris

220 1235 308 1294 inisse
332 1253 463 1332 arguare,
477 1234 503 1291 si
513 1253 571 1323 per
594 1234 720 1309 seipsum
740 1235 914 1305 consideres,
928 1254 1014 1311 grave
1038 1245 1099 1293 est:
1119 1255 1208 1296 nemo

220 1315 297 1372 enim
321 1315 382 1372 fere
406 1322 450 1370 est
451 1312 531 1388 ,qui,
545 1311 591 1369 sui
611 1312 732 1388 periculi
750 1312 848 1387 judex,
863 1331 920 1370 non
938 1313 994 1370 sibi
1007 1333 1038 1370 se
1052 1315 1206 1388 aequiorem

220 1390 308 1481 quim
331 1411 380 1450 reo
399 1391 532 1467 praebeat.
575 1390 634 1447 Sed
657 1399 717 1460 tua,
732 1390 787 1447 Oai
802 1391 909 1463 Caesar,
924 1401 1061 1468 praestans
1081 1393 1207 1484 singula·

220 1471 315 1546 risque
329 1480 432 1527 natura
446 1470 524 1526 hunc
541 1467 612 1525 mibi
636 1478 745 1524 metum
766 1469 878 1526 minuit.
919 1469 988 1526 Non
1002 1470 1079 1528 enim
1093 1480 1151 1527 tam
1171 1473 1207 1529 ti·

168 1548 203 1602 1⁵
221 1569 295 1620 meo,
319 1548 388 1623 quid
411 1566 443 1603 ιι
466 1548 502 1604 de
516 1565 585 1622 rege
606 1544 753 1616 Deiotaro,
768 1544 854 1636 quim
878 1547 1016 1624 intelligo,
1031 1549 1099 1622 quid
1119 1550 1154 1606 de
1174 1560 1206 1607 te
1301 1614 1305 1621 ¹

221 1637 339 1685 caeteros
353 1625 422 1683 velis
433 1625 572 1701 judicare.
614 1623 734 1681 Moveor
754 1626 841 1682 etiam
864 1625 950 1683 loci
942 1627 1031 1714 ipsius
1044 1627 1206 1700 insolentia,

220 1704 298 1780 qudd
311 1714 420 1762 tantam
435 1721 563 1772 causam,
578 1711 686 1777 quanta
708 1702 789 1760 nulla
809 1721 937 1778 unquam
951 1703 982 1761 in
1000 1705 1207 1780 disceptatione

222 1792 334 1839 versata
346 1792 399 1852 est,
413 1780 500 1838 dico
493 1791 568 1838 ιιιιιι
581 1780 753 1837 domesticos
765 1781 899 1856 parietes,
913 1782 980 1840 dico
992 1793 1072 1840 extra
1085 1802 1208 1841 conven-

221 1870 283 1917 tum
296 1870 325 1918 et
338 1878 403 1917 eam
416 1858 617 1933 frequentiam,
631 1858 662 1915 ιιι
676 1857 733 1931 qua
756 1868 900 1925 oratorum
923 1862 1018 1918 studia
1030 1861 1084 1918 ιιιιι
1097 1862 1206 1920 solent:

167 1939 204 1993 20
221 1938 252 1996 in
278 1938 336 1996 tuis
354 1937 456 2008 oculis,
483 1936 512 1994 in
540 1946 591 1993 tuo
616 1955 665 1993 ore
691 1936 838 2010 vultuque,
859 1938 1029 2013 acquiesco:
1058 1949 1087 1998 te
1116 1959 1206 1997 unum

221 2016 352 2075 intueor:
373 2018 410 2074 ad
436 2026 465 2072 te
486 2033 576 2072 unum
597 2014 692 2072 omnis
712 2032 778 2071 mea
799 2017 1029 2104 spectatoratio:
1050 2036 1113 2090 que
1133 2018 1206 2076 mihi

198 2097 266 2186 sad
287 2115 367 2186 spem
394 2093 557 2153 obtinendae
586 2093 714 2150 veritatis
743 2093 912 2168 gravissima
930 2102 1004 2164 sunt,
1033 2095 1069 2150 ιιι
1095 2106 1205 2152 motum

143 2238 148 2245 ,
196 2175 320 2247 ammi,
334 2185 364 2233 et
378 2174 414 2231 ad
435 2190 550 2230 omnem
572 2170 710 2247 impetum
733 2171 860 2243 dicendi,
875 2172 1151 2247 contentionemque,
1165 2174 1207 2231 le-

219 2252 306 2311 viora

166 2333 202 2387 25
259 2331 348 2389 Hanc
361 2330 449 2401 enirn,
464 2330 520 2388 Oai
533 2327 643 2400 Caesar,
658 2348 776 2387 causam
790 2330 815 2387 si
829 2331 859 2388 ιιι
873 2331 933 2388 soro
953 2329 1091 2401 dicerem,
1105 2330 1205 2388 eodem

221 2409 356 2466 audiente
369 2418 399 2465 et
412 2408 590 2484 disceptante
603 2418 642 2477 te,
656 2418 795 2482 quantam
817 2407 888 2466 mibi
912 2407 1090 2466 alacritatem
1110 2408 1205 2485 populi

220 2486 348 2543 Romani
371 2503 529 2542 concursus
553 2486 680 2542 afferret!
721 2486 800 2547 Quis
823 2486 900 2544 enim
923 2485 995 2543 civis
1017 2487 1045 2544 ei
1067 2488 1128 2563 regi
1148 2507 1205 2545 ιιοιι

220 2564 338 2634 faveret,
353 2581 435 2638 cujus
444 2582 562 2621 omnem
584 2573 698 2620 aetatem
723 2564 753 2621 in
773 2565 869 2641 populi
890 2564 1018 2621 Romani
1038 2564 1120 2622 bellis
1140 2584 1206 2622 con·

219 2651 361 2718 sumptam
389 2660 452 2699 esse
478 2642 679 2701 meminissetl
720 2644 888 2733 spectarem
917 2643 1046 2713 curiam;
1080 2644 1205 2701 intuerer

167 2721 203 2774 30
219 2720 328 2790 forum;
351 2720 456 2778 coelnm
470 2721 595 2794 denique
608 2731 729 2778 testarer
743 2722 844 2797 ipsum.
886 2721 954 2791 Sic,
959 2718 1026 2778 cdm
1036 2731 1066 2778 οι
1078 2721 1205 2778 Deorum

220 2798 433 2870 immortalium,
447 2808 477 2856 et
488 2797 583 2874 populi
597 2798 736 2870 Romani,
750 2809 779 2856 et
801 2799 928 2869 senatus,
951 2799 1142 2857 beneficiam
1162 2818 1206 2856 re·

219 2896 286 2954 gem
306 2844 475 2938 Deiotarum
496 2877 671 2947 recordarer,
694 2878 773 2935 nullo
795 2877 881 2934 modo
900 2844 972 2934 niihi
994 2878 1094 2935 deesse
1112 2887 1207 2953 posset

219 2956 318 3014 oratio.
357 2956 435 3017 Quae
449 2955 584 3052 quoniam
609 2956 774 3032 angustiora
794 2956 919 3032 parietes
940 2955 1051 3013 iaciunt
1053 2956 1206 3029 ,actioque

220 3054 315 3093 causae
338 3033 462 3092 maxime
482 3033 647 3091 debilitatur
668 3035 750 3104 loco;
771 3044 852 3091 tuum
876 3044 929 3104 est,
944 3032 1052 3105 Caesar,
1077 3034 1125 3108 qui
1154 3052 1206 3108 pro

168 3115 203 3169 35
219 3114 317 3171 multis
338 3132 413 3190 sepe
436 3112 542 3183 dixisti,
557 3112 626 3187 quid
649 3132 729 3171 nunc
750 3109 830 3170 milri
836 3112 925 3169 animi
947 3113 994 3183 sit,
1010 3114 1047 3170 ad
1065 3124 1095 3170 te
1115 3111 1206 3188 ipsum

220 3193 342 3263 referre3
364 3211 421 3267 quo
434 3189 549 3250 sacilitis
571 3201 632 3248 tum
657 3192 776 3267 aequitas
789 3200 850 3261 tua,
864 3202 925 3249 tum
938 3158 1075 3250 audiendi
1089 3191 1208 3266 diligen·

219 3271 270 3341 tia,
284 3272 397 3328 minuat
409 3271 485 3329 hanc
498 3270 742 3347 perturbationem
755 3288 859 3328 meam

184 3402 187 3407 .
261 3350 319 3405 Sed
322 3359 499 3423 ,antequam
512 3350 549 3407 de
573 3349 758 3407 accusatione
782 3347 843 3422 ipsi
866 3347 943 3418 dico,
957 3348 994 3404 de
1008 3357 1208 3404 accusatorum

220 3445 270 3501 spe
282 3444 377 3501 pauca
389 3427 504 3485 dicam
525 3427 575 3516 qui
597 3424 665 3485 oiim
689 3427 838 3482 videantur
861 3443 956 3497 neque
978 3423 1095 3497 ingenio
1114 3442 1209 3495 neque

169 3501 204 3556 40
220 3522 275 3561 usu
289 3514 375 3578 atque
388 3505 593 3564 exercitatione
606 3523 702 3563 rerum
715 3502 820 3571 valere,
829 3511 927 3557 tamen
941 3499 978 3555 ad
992 3499 1069 3554 hanc
1079 3516 1208 3573 oausam,

220 3601 277 3640 non
292 3582 354 3640 sine
369 3572 464 3658 aliqua
477 3604 527 3661 spe
537 3594 566 3642 et
580 3582 763 3673 cogitatione,
777 3588 924 3636 venerunt.

260 3659 318 3717 ΙΙΙ.
353 3661 465 3719 Iratum
492 3673 521 3721 te
547 3661 609 3737 regi
632 3660 769 3717 Deiotaro
791 3656 879 3713 luisse
905 3674 963 3713 ιιοιι
987 3662 1071 3710 erant
1096 3655 1208 3714 nescii:

222 3739 357 3797 affectum
371 3741 452 3798 illum
466 3739 637 3828 quibusdam
651 3735 841 3795 incommodis
854 3744 882 3792 et
892 3732 1083 3804 detrimentis,
1096 3743 1209 3824 propter

217 3818 408 3879 offensionem
422 3819 510 3877 animi
523 3817 576 3887 tui,
588 3817 797 3874 meminerant:
818 3810 903 3889 teque
927 3832 997 3874 cum
1011 3812 1102 3872 huic
1095 3821 1208 3883 iratum,
