2692 4484
381 298 517 377 oacrio
539 323 610 372 rao
632 308 905 374 rs‘srnacamn.
1145 325 1188 385 m

192 474 245 531 Ille
267 469 383 546 quidem
410 469 536 527 fructum
552 467 650 525 vomnis
669 467 735 524 vitre
759 477 899 526 anteactm
927 465 1067 525 hodierno
1093 465 1142 523 die

152 553 307 611 maximum
321 548 407 625 cepit,
422 546 491 606 crim
504 564 618 604 summo
631 563 774 603 consensu
788 547 915 618 senatis,
929 556 991 604 tum
1001 556 1143 641 praeterea

148 628 258 708 jndicio
277 640 327 686 tuo
348 626 516 705 gravissimo
529 635 559 682 et
571 624 705 682 maximo.
747 623 793 682 Ex
813 644 870 701 quo
889 626 1016 702 profecto
1038 623 1143 683 intelli·

151 710 204 787 gis,
219 717 326 783 quanta
339 706 370 765 in
384 707 452 764 dato
474 703 618 763 beneficio
640 702 677 760 sit
697 703 770 774 laus,
785 702 853 761 crim
869 703 899 761 in
921 714 1040 781 accepto
1059 713 1142 785 tanta

151 788 188 846 sit
200 787 314 865 glutiat
341 785 395 844 Est
407 781 476 843 verti
491 784 652 842 fortunatus
660 781 719 852 ilie,
729 782 812 859 cujus
820 803 856 842 ex
869 784 961 842 salute
975 803 1032 842 non
1047 782 1141 840 minor
1173 787 1191 840 5

10 870 16 881 ’
113 882 123 893 “
151 866 224 944 pene
246 866 284 923 ad
303 870 413 935 omnes,
435 861 522 938 quim
547 862 584 921 ad
606 861 700 936 ipsum
717 873 839 920 ventura
858 862 904 932 sit,
925 862 1023 921 laetitia
1043 881 1142 939 perve-

93 941 96 945 ’
151 945 248 1021 neritt
275 944 366 1006 Quod
380 943 407 1000 ei
421 941 538 1016 quidem
559 937 673 1010 meriti),
688 950 773 1013 atque
792 941 899 1017 optimo
915 941 989 1017 jure,
1010 940 1140 1018 contigit.

151 1025 229 1088 Quis
243 1024 322 1085 enim
335 1030 379 1079 est
393 1021 423 1077 iil
455 1029 506 1076 aut
518 1017 678 1089 nobilitate,
688 1027 737 1075 aut
746 1019 896 1094 probitate,
908 1030 957 1077 aut
969 1019 1141 1096 optimarum

115 1136 129 1147 -
152 1104 257 1162 artium
272 1040 459 1175 {sicimis
480 1096 657 1168 innocentia,
679 1106 729 1154 aut
750 1098 809 1155 ullo
827 1117 934 1175 genere
947 1099 1051 1170 laudis,
1071 1118 1142 1175 pre·

152 1180 293 1240 stantiori
1157 1188 1191 1242 10

190 1254 235 1347 μ.
277 1256 396 1315 Nullius
414 1264 527 1353 tantun}
553 1263 596 1312 est
615 1253 724 1341 {iumen
752 1256 872 1339 ingenii,
893 1257 999 1315 nullius
1025 1256 1141 1315 dicendi

155 1349 206 1395 aut
219 1335 364 1394 scribendi
378 1342 457 1393 tanta
467 1330 522 1411 bib,
533 1330 616 1409 tanta
630 1332 723 1410 copia,
732 1353 807 1409 quae,
816 1355 873 1393 non
884 1335 979 1393 dicam
994 1354 1141 1400 exornare.
1152 1362 1171 1400 μ
1197 1378 1200 1387 J
1222 1380 1229 1387 .

154 1417 206 1474 sed
220 1433 365 1484 enarrare,
374 1414 408 1471 C.
419 1413 581 1482 Cesarfres
588 1423 654 1469 tuas
666 1425 764 1489 gestas
776 1414 872 1489 possit
907 1414 1021 1472 Temen
1033 1415 1143 1472 affirmo

154 1494 197 1571 (et
212 1496 268 1551 boc
280 1511 353 1569 paee
365 1492 461 1549 dicam
475 1492 552 1571 turi),
566 1491 676 1548 nuliam
698 1492 728 1549 in
749 1493 794 1548 his
814 1511 878 1550 esse
892 1492 1006 1550 laudem
1028 1493 1144 1570 amplio-

152 1591 223 1642 rem,
244 1569 331 1646 qudm
351 1588 425 1641 eam,
447 1588 534 1644 quam
555 1570 695 1635 hodierno
715 1569 763 1627 die
783 1581 957 1628 consecutus
977 1590 1017 1629 es.
1058 1572 1144 1629 Soleo
1157 1576 1191 1629 15

151 1670 226 1728 sepe
241 1661 308 1707 ante
320 1649 420 1709 ocutos
432 1668 550 1725 ponere,
564 1640 652 1723 idque
666 1649 790 1707 libenter
804 1649 916 1707 crebris
936 1668 1074 1725 usurpare
1087 1669 1144 1707 ser·

151 1729 294 1799 monibus,
315 1747 416 1787 omnes
437 1738 598 1786 nostrorum
619 1727 833 1803 imperatorum,
853 1746 955 1786 omnes
981 1740 1143 1786 exterarum

151 1809 291 1887 gentium,
314 1805 634 1884 potentissimorumque
656 1807 835 1882 populorum,
853 1824 954 1865 omnes
974 1806 1144 1866 clarissimo·

151 1908 215 1946 rum
229 1905 340 1963 regum,
354 1905 401 1944 res
414 1896 520 1962 gestas,
535 1903 603 1942 cum
617 1884 675 1941 tuis
689 1905 744 1942 nec
765 1885 981 1943 contentionum
1002 1887 1145 1963 magnitu-

152 1966 229 2038 dine,
253 1984 309 2023 nec
329 1983 450 2022 numero
469 1963 645 2040 proeliorum,
668 1982 724 2021 nec
747 1965 886 2022 varietate
908 1965 1067 2040 regionum,
1088 1983 1145 2022 nec
1157 1964 1194 2017 20

153 2045 301 2103 celeritate
328 2042 513 2111 conficiendi,
540 2061 597 2099 nec
623 2038 858 2099 dissimilitudine
886 2042 1036 2112 bellorum,
1063 2062 1166 2121 posse¹

152 2123 294 2182 conferri:
315 2140 371 2178 nec
398 2118 465 2177 verd
487 2119 727 2194 disjunctissimas
749 2131 841 2178 terras
865 2118 954 2179 citiirs
974 2121 1144 2196 cujusquam
1163 2126 1167 2135 '
1282 2176 1287 2195 ,

135 2202 284 2278 passibus
296 2197 423 2276 potuisse
445 2197 600 2273 peragrari,
614 2196 701 2272 quim
724 2199 791 2270 tuis,
805 2220 863 2258 non
885 2199 983 2258 dicam
1003 2200 1145 2272 cursibus,
1185 2232 1204 2253 ·.
1232 2228 1246 2249 ¹·
1279 2200 1283 2211 ‘

153 2281 206 2339 sed
220 2277 357 2348 victoriis,
372 2277 498 2334 lustrate
512 2276 578 2334 sint.

129 2401 180 2423 κ.
192 2357 271 2420 Quae
298 2356 415 2432 quidem
441 2374 497 2432 ego
516 2354 572 2413 nisi
593 2354 634 2412 ita
653 2373 760 2434 magna
785 2377 849 2416 esse
869 2360 970 2429 fatear,
991 2369 1024 2416 ut
1043 2377 1080 2417 ea
1099 2358 1145 2416 vix
1157 2355 1194 2409 25

154 2436 325 2513 cujusquam
340 2453 422 2492 meus
436 2445 487 2491 aut
501 2434 637 2511 cogitatio
657 2454 762 2511 capere
774 2442 871 2513 possit,
887 2456 987 2496 amens
1000 2437 1071 2494 sim:
1092 2438 1143 2496 sed

152 2526 250 2573 tamen
264 2524 332 2572 sunt
346 2513 403 2570 alia
417 2512 532 2589 majora.
547 2576 554 2588 ,
574 2512 604 2569 N
607 2531 653 2570 am
669 2514 789 2572 bellicas
802 2517 902 2575 laudes
919 2517 1012 2574 soient
1025 2516 1143 2591 quidam

151 2607 309 2653 extenuare
335 2591 438 2663 verbis,
467 2611 573 2668 easque
594 2591 747 2651 detrahere
768 2595 900 2665 ducibus,
927 2596 1143 2654 communicare

152 2692 219 2731 cum
234 2672 341 2742 multis,
352 2691 390 2729 ne
402 2670 522 2747 propriae
533 2671 591 2728 sint
599 2670 812 2747 imperatorum.
854 2674 892 2731 Et
905 2674 995 2743 certe,
1006 2675 1036 2732 in
1046 2675 1143 2744 armis,

152 2751 275 2809 militurn
295 2751 394 2821 virtus,
408 2750 536 2809 iocorum
556 2752 762 2827 opportunitas,
778 2752 885 2810 auxilia
905 2753 1057 2824 sociorum,
1071 2754 1144 2811 clas·
1156 2758 1193 2812 3⁰

151 2851 207 2902 ses,
216 2841 404 2899 commeatus,
415 2827 538 2887 multirm
544 2830 662 2905 juvant:
684 2831 840 2889 maximam
854 2830 921 2889 verd
931 2844 1050 2908 partem,
1061 2832 1144 2907 quasi
1208 2893 1212 2901 ¹

116 2929 135 2943 ·
151 2930 204 2969 sao
228 2911 303 2986 jure,
326 2907 455 2966 Fortuna
480 2907 536 2965 sibi
558 2908 703 2979 vindicat3
724 2920 763 2981 et,
783 2910 921 2986 quidquid
942 2922 985 2968 est
1010 2908 1143 2988 prospere

151 3000 276 3067 gestum,
291 2988 322 3046 id
335 2985 411 3063 pene
425 3006 510 3046 omne
524 2987 606 3045 ducit
619 3007 713 3046 suum.

192 3068 234 3124 At
247 3065 315 3123 verb
330 3065 414 3140 hujus
427 3065 535 3142 glorie,
549 3066 584 3124 C.
599 3066 710 3138 Cesar,
723 3086 811 3143 quam
831 3087 864 3125 es
875 3054 963 3145 pauli>
978 3052 1046 3125 an’te
1061 3069 1145 3143 adep·

151 3155 209 3216 tus,
223 3146 335 3202 socium
358 3143 449 3201 habes
470 3144 624 3202 neminem.
672 3146 782 3203 Totum
808 3148 873 3217 hoc,
888 3149 1192 3222 quantumcunque35

151 3235 205 3296 est,
228 3223 319 3297 (quod
339 3219 419 3280 certe
440 3222 596 3280 maximum
617 3225 675 3303 est)
703 3235 795 3283 totum
822 3237 875 3296 est,
903 3225 1031 3301 inquam,
1052 3235 1143 3282 tuum.

151 3302 234 3360 Nihil
249 3302 305 3359 sibi
319 3321 354 3360 ex
369 3301 423 3358 istri
438 3300 524 3359 laude
537 3302 678 3373 centurio,
692 3303 763 3361 nibil
778 3305 940 3379 prefectus,
950 3304 1021 3361 nihil
1031 3305 1142 3374 cohors,

150 3382 221 3440 nihil
237 3392 341 3451 turma,
356 3379 494 3456 decerpit.
533 3380 721 3442 Quinetiam
737 3382 786 3439 iila
807 3383 873 3458 ipsa
887 3401 983 3441 rerum
1004 3383 1143 3440 humana·

150 3479 213 3518 rum
227 3459 353 3530 domina,
369 3456 507 3529 Fortuna,
517 3458 547 3517 in
557 3459 639 3525 istius
649 3479 681 3519 se
689 3461 856 3519 societatem
864 3462 962 3538 glorie
974 3481 1030 3519 non
1038 3462 1140 3519 offert:

150 3539 203 3596 tibi
217 3538 312 3597 cedit:
334 3548 414 3596 tuam
434 3556 498 3596 esse
518 3548 607 3597 totam
622 3550 651 3610 et
663 3540 805 3616 propriam
827 3541 939 3599 fatetur.
981 3539 1142 3615 Nunquam
1154 3541 1190 3594 40

151 3619 228 3676 enim
243 3616 388 3675 temeritas
402 3617 624 3694 cumsapientii
638 3620 852 3691 commiscetur,
867 3638 922 3677 nec
937 3619 973 3676 ad
988 3619 1142 3676 consilium

151 3714 237 3753 casus
251 3695 418 3755 admittitur.
478 3692 481 3701 ’

192 3772 250 3831 ΙΙΙ.
284 3772 427 3833 Domuisti
449 3784 551 3850 gentes
578 3775 758 3833 immanitate
785 3776 933 3845 barbaras,
954 3771 1142 3829 multitudine

152 3853 385 3924 innumerabiles,
405 3852 477 3912 locis
490 3853 634 3924 infinitas,
654 3853 734 3912 omni
755 3853 902 3929 copiarum
923 3868 1031 3928 genere
1053 3848 1142 3904 abun·
