2692 4484
163 376 205 436 42
405 365 542 416 ORATIO
563 365 610 416 lv.
633 365 671 414 IN
694 365 725 415 1..
748 365 963 417 CATILINAM.
1003 440 1006 446 ¹

212 518 329 569 ornetur
350 509 421 567 alter
441 507 548 565 eximii
567 509 654 567 laude
676 508 844 581 Africanus,
865 509 915 585 qui
935 511 1009 569 duas
1028 512 1115 572 urbes
1135 515 1207 575 huic

213 589 333 665 imperio
352 586 561 659 infestissimas,
576 588 785 665 Carthaginem
805 588 1065 666 Numantiamque,
1079 593 1205 653 delevit:

213 667 353 726 habeatur
373 666 415 723 vir
435 667 570 743 egregius
590 666 624 725 L.
638 666 758 738 Paulus,
773 667 831 740 ille,
846 668 930 744 cujus
950 688 1068 728 currum
1087 691 1138 730 rex
1156 693 1206 749 po-

119 765 127 779 ·
212 746 390 804 tentissimus
410 745 554 820 quondam
574 755 604 803 et
622 746 827 818 nobilissimus,
841 747 954 819 Perses,
969 749 1144 809 honestavit:
1166 753 1206 810 sit

180 822 244 891 gin
264 825 372 883 aeterna
392 823 483 901 gloria
505 824 627 897 Marius,
641 825 692 900 qui
712 825 757 882 bis
776 825 893 884 Italiam
905 827 1055 886 obsidione
1074 839 1104 887 et
1123 840 1203 889 metu

213 903 357 962 servitutis
383 902 534 962 liberavit:
562 914 750 982 anteponatur
772 904 907 963 omnibus
932 905 1094 983 Pompeius,
1119 910 1202 985 cujus

212 1002 259 1041 res
271 992 359 1060 geste
373 991 459 1058 atque
469 982 587 1041 virtutes
597 983 710 1054 iisdem,
721 983 824 1057 quibus
834 983 902 1042 solis
912 1003 1023 1056 cursus,
1037 987 1202 1063 regionibus

214 1080 252 1120 aci
262 1061 392 1120 terminis
405 1060 597 1120 continentur.
638 1061 704 1120 Erit
721 1060 862 1138 profecti,
876 1062 950 1122 inter
971 1064 1072 1122 horum
1090 1066 1200 1138 laudes,

214 1140 322 1216 aliquid
341 1140 398 1199 loci
417 1151 522 1199 nostrae
548 1140 664 1218 gloriae3
693 1140 750 1199 nisi
770 1141 842 1200 forte
863 1141 956 1218 majus
976 1152 1020 1200 est
1038 1144 1200 1219 patefacere

80 1222 84 1228 ’
167 1229 199 1282 10
212 1220 296 1278 nobis
314 1219 485 1296 provincias,
500 1217 557 1294 qua
577 1220 656 1278 exire
674 1220 825 1297 possimus,
840 1220 928 1296 quim
941 1240 1054 1293 curare,
1067 1232 1100 1280 ut
1113 1224 1199 1280 etiam
1305 1219 1309 1226 “

213 1297 265 1370 illi,
279 1299 329 1375 qui
343 1299 456 1371 absunt,
471 1299 606 1370 habeant,
620 1297 677 1375 qub
692 1299 814 1358 victores
827 1310 1013 1359 revertantur.

251 1378 429 1453 Quanquam
449 1387 493 1436 est
512 1396 571 1436 uno
590 1378 655 1436 loco
672 1378 800 1437 conditio
813 1379 913 1438 melior
927 1390 1050 1438 externa
1062 1379 1199 1453 victorin,

212 1454 300 1532 quim
320 1456 500 1528 domesticae3
524 1455 603 1533 quod
622 1458 719 1515 hostes
739 1457 909 1535 alienigena
930 1469 980 1517 aut
998 1459 1123 1536 oppressi
1143 1479 1200 1518 ser·

213 1534 303 1607 viuut,
319 1545 368 1593 aut
388 1536 495 1611 recepti
515 1535 658 1594 beneficio
679 1556 710 1595 se
729 1536 870 1614 obligatos
888 1548 1006 1613 putant:
1034 1538 1083 1615 qui
1104 1549 1199 1597 autem

168 1617 199 1670 15
213 1634 250 1672 ex
261 1633 382 1673 numero
401 1614 518 1687 civium,
532 1615 679 1673 dementit
700 1615 796 1692 aliquit
816 1617 972 1693 depravati,
986 1618 1082 1675 hostes
1101 1617 1199 1694 patriae

213 1693 301 1752 semel
311 1713 375 1752 esse
386 1703 543 1770 coeperunt,
554 1713 613 1765 cos,
625 1691 693 1752 crim
705 1694 860 1771 apernicie
873 1695 1038 1773 reipublicae
1052 1696 1198 1771 repuleris,

213 1791 269 1830 nec
288 1772 317 1830 vi
337 1777 482 1844 coercere,
496 1791 553 1830 nec
572 1772 715 1832 beneficio
733 1773 850 1850 placare
868 1775 967 1850 possis.
1006 1774 1109 1836 Quare
1128 1775 1199 1834 mihi

214 1869 281 1908 cum
293 1852 412 1928 perditis
425 1852 537 1910 civibus
550 1861 689 1910 eternum
708 1852 816 1910 bellum
836 1864 1000 1930 susceptum
1021 1874 1084 1912 esse
1099 1854 1198 1913 video:

213 1931 288 2006 quod
309 1951 372 2008 ego,
393 1941 487 1990 vestro
505 1931 702 2005 bonorumque
720 1931 849 1990 omnium
871 1933 986 2004 auxilio,
1005 1934 1199 2010 memoriaque

107 2020 115 2037 ‘
162 2012 199 2066 20
213 2018 355 2068 tantorum
376 2011 579 2086 periculorum,
601 2008 679 2088 (quae
705 2029 763 2068 non
790 2008 875 2068 modo
903 2011 933 2068 in
954 2013 1014 2081 hoc,
1028 2012 1132 2089 populo
1150 2013 1199 2089 qui

213 2099 341 2147 servatus
361 2100 414 2162 est,
435 2089 593 2149 sedetiam
614 2089 645 2147 in
664 2087 793 2147 omnium
814 2089 943 2167 gentium
964 2092 1144 2149 sermonibus
1164 2111 1199 2150 ac

201 2168 367 2241 mentibus,
381 2168 640 2248 semperhaerebit)
657 2187 675 2226 a
693 2187 740 2226 rue
761 2178 846 2244 atque
861 2188 884 2237 ‚a
903 2168 976 2226 meis
989 2168 1076 2227 saeue
1090 2171 1199 2246 propul-

213 2246 269 2305 sari
283 2267 365 2324 posse
379 2249 500 2307 confido.
541 2246 646 2323 Neque
659 2247 720 2305 ulla
732 2246 860 2324 profecti>
874 2258 954 2306 tanta
971 2248 1014 2305 vis
1033 2249 1198 2325 reperietur,
1269 2318 1278 2331 .

213 2345 276 2401 quae
290 2327 522 2403 conjunctionem
535 2336 660 2384 vestram
673 2327 859 2403 equitumque
873 2327 1080 2398 Romanorum,
1095 2338 1124 2385 et
1137 2338 1199 2385 tan·

163 2407 200 2460 25
213 2413 273 2461 tam
293 2406 533 2482 conspirationem
553 2406 693 2464 bonorum
713 2405 853 2478 omnium,
872 2406 1048 2484 perfringere
1075 2417 1104 2464 et
1123 2407 1200 2464 labe·

214 2481 321 2540 factare
334 2484 429 2558 possit.

252 2559 309 2618 XI.
336 2562 413 2623 Quae
441 2560 509 2620 crim
536 2561 577 2621 ita
597 2562 663 2635 sint,
685 2563 786 2621 Patres
807 2562 1051 2641 Conscripti,.pro
1072 2564 1199 2640 imperio,

214 2659 265 2717 pro
278 2641 416 2713 exercitu,
430 2662 481 2719 pro
499 2643 657 2720 provincia,
671 2662 759 2719 quarn
779 2643 904 2720 neglexi,
917 2663 968 2720 pro
980 2643 1132 2719 triumpho,
1147 2663 1200 2700 cae·

214 2719 339 2795 terisque
352 2719 445 2779 laudis
459 2721 629 2799 insignibus,
643 2742 707 2799 quae
721 2732 788 2780 sunt
810 2742 827 2780 a
846 2742 903 2793 me,
916 2735 1028 2800 propter
1042 2722 1128 2780 Urbis
1140 2742 1201 2779 ves·

165 2805 201 2861 30
215 2806 321 2874 traeque
331 2799 431 2858 salutis
441 2800 610 2872 custodiam,
621 2801 787 2879 repudiata;
806 2822 857 2879 pro
867 2802 1008 2861 clientelis
1018 2801 1201 2879 hospitiisque

214 2877 446 2954 provincialibus,
460 2899 523 2956 quae
536 2891 633 2939 tamen
647 2881 766 2941 urbanis
785 2882 887 2958 opibus
907 2902 964 2940 non
982 2882 1091 2940 minore
1105 2881 1201 2938 labore

215 2968 307 3029 tueor,
327 2956 413 3033 quiam
434 2978 583 3037 comparo;
610 2980 662 3037 pro
688 2961 734 3018 his
760 2961 848 3039 igitur
874 2961 1008 3019 omnibus
1033 2963 1128 3031 rebus,
1150 2978 1203 3035 pro

215 3036 287 3095 meis
301 3036 331 3094 in
344 3057 394 3095 vos
407 3038 600 3116 singularibus
614 3039 725 3111 studiis,
736 3059 842 3116 proque
853 3040 919 3112 hac,
929 3059 1015 3116 quarn
1027 3038 1201 3115 conspicitis,

216 3117 253 3177 ad
267 3118 492 3176 conservandam
505 3119 714 3196 rempublicam
728 3119 890 3198 diligentia,
904 3120 975 3179 nihil
991 3119 1067 3176 aliud
1082 3138 1099 3175 a
1112 3117 1202 3188 vobis,

159 3196 272 3279 ¹35gnisi
299 3197 383 3274 hujus
406 3198 550 3276 temporis,
571 3198 715 3275 totiusque
743 3199 801 3257 mei
830 3199 996 3257 consulatus
1025 3196 1202 3266 memoriam,

214 3278 341 3352 postulo;
363 3297 426 3354 quae
440 3279 508 3335 dum
523 3278 578 3337 erit
591 3278 693 3337 vestris
706 3279 852 3336 mentibus
870 3279 967 3347 infixa,
981 3277 1144 3335 firmissimo
1156 3293 1204 3332 me

216 3372 298 3411 muro
318 3366 430 3430 septum
450 3377 513 3415 esse
535 3354 702 3416 arbitraboi.
742 3355 834 3418 Quod
848 3355 872 3413 si
886 3374 981 3412 meam
1000 3375 1078 3429 spem
1092 3355 1135 3410 vis
1153 3354 1205 3409 im·

177 3426 180 3433 ’
216 3431 368 3507 proborum
389 3433 521 3491 fefellerit
542 3445 627 3510 atque
647 3435 838 3510 superaverit;
861 3433 1031 3492 commendo
1045 3432 1123 3487 vobis
1143 3451 1206 3507 par·

217 3526 284 3566 vum
298 3527 394 3566 meum
403 3509 517 3582 ⁴filium;
539 3513 587 3569 cui
601 3511 729 3588 profectb
744 3511 813 3568 satis
827 3511 881 3568 erit
893 3508 1028 3585 praesidii,
1040 3528 1097 3566 non
1112 3509 1205 3568 solum

168 3597 203 3652 40
219 3588 255 3645 ad
275 3587 407 3658 salutem,
428 3586 528 3646 verbm
555 3590 643 3647 etiam
671 3590 708 3647 ad
734 3589 915 3666 dignitatem,
935 3588 960 3645 si
981 3587 1052 3664 ejuS,
1072 3588 1121 3663 qui
1142 3590 1207 3646 haec

216 3666 315 3726 omnia
334 3684 386 3724 suc
404 3666 480 3724 solus
493 3668 621 3745 periculo
635 3668 855 3740 conservaverit,
870 3668 951 3726 illurn
965 3686 1028 3726 esse
1042 3667 1133 3725 filium
1147 3686 1208 3724 me·

218 3744 366 3805 mineritis.
795 3802 797 3805 ,

255 3825 450 3903 Quapropter,
471 3826 507 3884 de
527 3828 640 3884 summa
660 3828 753 3887 salute
773 3826 878 3900 vestri,
895 3826 1048 3905 populique
1068 3825 1209 3896 Romani,

218 3906 318 3964 Patres
345 3904 518 3983 conscripti,
540 3905 577 3964 de
596 3907 698 3967 vestris
718 3907 889 3987 conjugibus
910 3927 945 3967 ac
964 3906 1073 3976 liberis,
1094 3906 1131 3962 de
1152 3903 1210 3962 aris
