2692 4484
99 212 199 319 '32
325 272 329 283 ·
424 250 693 302 opinionum
715 250 746 299 n.
769 249 982 299 1111111111.

210 281 333 456 all

224 397 231 411 .
292 327 462 411 »41111
486 308 772 404 1111111111,Ὑᾲ
795 310 916 461 lamb»
1040 391 1046 404 ,
1145 392 1152 405 ,
1187 391 1194 406 ,

249 441 256 456 .
336 394 375 452 ud
387 412 456 452 vero
468 412 564 452 nonne
578 402 619 450 111
630 411 756 468 praesens
776 402 829 462 est,
843 412 862 448 u
897 401 970 465 nutu
983 390 1064 450 Jorrs
1083 390 1196 469 Optrmr

210 473 333 533 Maximi
355 472 464 530 sactum
487 490 551 530 esse
572 470 712 541 rideatur,
727 479 768 540 ut,
783 468 861 541 cum,
875 470 1014 528 hodierno
1035 470 1083 528 die
1095 469 1194 542 mand,

208 572 259 630 per
273 551 366 609 lorum
379 569 444 608 meo
454 550 536 626 jussu
550 559 579 607 et
593 548 746 623 conjurati,
760 557 789 606 st
810 564 908 605 eorum
922 548 1044 619 iudices,
1058 549 1089 606 in
1103 549 1194 606 aedem

209 628 380 688 Concordia
393 628 578 698 ducerentur,
592 646 627 684 eo
640 627 702 702 ipso
721 636 849 703 tempore
870 626 985 702 siguum
998 628 1192 710 statuereturl

175 715 266 784 5quo
279 707 428 778 collocato,
451 716 536 782 atque
558 706 657 762 advos
678 715 867 779 senatumque
888 722 1035 775 converso,
1048 704 1145 762 omnia
1164 714 1193 762 et

207 796 335 855 senatus,
348 787 450 855 et'uos,
464 804 527 859 quae
548 794 631 841 erant
643 793 745 841 contra
764 782 886 839 salutem
906 782 1035 840 omnium
1057 782 1192 858 cogitata,

130 858 139 865 ⁵
208 865 349 922 illustrata
362 873 391 920 et
403 862 548 938 patefacta
561 861 680 918 vidistis.

245 938 317 1002 Quo
329 941 417 998 etiam
430 941 537 1016 majore
556 948 624 996 sunt
646 939 693 996 isti
717 939 783 996 odio
809 937 1005 1014 supplicioque
1031 938 1060 995 di
1101 938 1121 1008 i,
1143 938 1192 1013 qui

208 1037 265 1077 uon
279 1015 370 1076 solium
384 1018 485 1075 vestris
498 1017 651 1075 domiciliis
672 1026 759 1090 atque
771 1015 866 1087 tectis,
879 1017 930 1073 sed
954 1017 1041 1073 etiarn
1128 1034 1192 1074 rum
1254 1057 1258 1066 .

162 1101 194 1153 10
208 1096 320 1173 templis
335 1106 419 1169 atque
433 1095 569 1165 delubris,
583 1103 649 1150 sunt
671 1093 798 1151 funestos
819 1112 855 1151 11
867 1094 992 1151 nefarios
1012 1094 1094 1170 ignes
1107 1095 1192 1152 inser-

208 1194 240 1232 re
254 1174 366 1233 conati:
387 1173 492 1248 quibus
505 1190 560 1248 ego
574 1172 599 1228 si
620 1189 667 1228 me
688 1172 827 1229 restitisse
847 1171 955 1242 dicam,
976 1172 1097 1229 nimium
1118 1173 1191 1229 mihi

198 1271 330 1323 „umam,
344 1262 373 1309 et
386 1271 444 1309 non
467 1251 521 1308 sim
543 1249 694 1307 serendus:
716 1249 775 1320 ille,
797 1250 846 1307 1111
867 1249 980 1326 Jupiter
1001 1251 1120 1308 restitit:
1142 1250 1191 1307 ille

208 1330 392 1407 Capitolium,
407 1329 455 1386 ille
468 1329 532 1386 haec
544 1326 659 1402 templa,
673 1327 723 1385 ille
737 1328 813 1385 hanc
834 1328 946 1400 urbem,
960 1329 1009 1386 ille
1029 1348 1078 1386 vos
1090 1347 1191 1386 omnes

208 1409 300 1467 salvos
313 1427 376 1466 esse
389 1407 485 1465 voluit.
526 1405 591 1462 Diis
599 1424 653 1481 ego
666 1406 875 1464 immortalibus
885 1407 1008 1464 ducibus
1021 1408 1097 1465 hanc
1110 1425 1191 1464 men·

161 1501 194 1554 15
208 1487 437 1558 tem-Quirites,
459 1484 689 1558 voluntatemque
711 1484 834 1561 suscepi,
860 1493 945 1558 atque
968 1486 1005 1542 ad
1027 1486 1089 1544 baec
1110 1495 1190 1542 tanta

115 1623 121 1631 ,
208 1564 318 1622 iudicia
329 1564 453 1641 perveni.
494 1562 562 1620 Jam
575 1560 642 1619 verb
657 1563 708 1619 1111
722 1563 909 1640 Allobrogum
923 1563 1095 1633 sollicitatio,
1109 1564 1190 1620 sica

208 1642 332 1701 Lentulo
354 1642 521 1717 caeterisque
541 1641 707 1699 domesticis
729 1641 867 1712 hostibus,
890 1650 972 1698 tanta
993 1659 1049 1711 res,
1064 1650 1123 1698 11111
1142 1642 1190 1698 de-

207 1731 318 1780 menter
331 1722 442 1780 credita
464 1714 493 1779 et
519 1719 623 1797 ignotis
646 1729 676 1777 et
698 1720 838 1792 barbaris,
862 1720 1078 1793 commissaeque
1100 1720 1189 1777 literae

207 1818 355 1875 nunquam
368 1809 463 1869 essent
475 1795 613 1875 prosectb,
624 1799 681 1856 nisi
695 1817 713 1855 a
725 1798 791 1856 Diis
801 1797 1008 1856 immortalibus
1021 1797 1091 1856 huic
1103 1808 1189 1856 tantae

157 1879 337 1941 mendacia
351 1877 503 1937 consilium
515 1886 741 1953 essetereptum.
781 1875 865 1939 Quid
885 1874 976 1933 verdl
1006 1885 1038 1932 ut
1061 1876 1190 1934 homines

207 1957 294 2029 Galli,
308 1976 344 2015 ex
357 1957 473 2015 civitate
485 1954 562 2013 male
574 1955 689 2032 pacatis,
705 1954 783 2032 (quar
796 1974 869 2032 gens
881 1973 941 2012 una
955 1964 1053 2025 restat,
1067 1973 1130 2028 quae
1143 1973 1190 2029 po-

206 2035 274 2111 pulo
286 2035 421 2095 Romano
433 2035 540 2093 bellum
554 2033 650 2091 lacere
666 2044 696 2091 et
715 2052 798 2109 posse
819 2043 849 2091 et
869 2052 927 2091 nou
948 2033 1024 2090 nolle
1044 2032 1187 2109 videatur)

206 2132 285 2189 spem
299 2114 411 2192 imperii
425 2125 453 2173 11
467 2132 561 2172 rerum
586 2112 825 2189 amplissimarum
849 2112 924 2170 ultro
945 2111 1001 2169 sibi
1025 2110 1190 2186 apatriciis

206 2191 369 2251 hominibus
381 2194 506 2251 oblatam
520 2191 710 2268 negligerent,
724 2201 905 2267 vestramque
925 2191 1046 2248 salutem
1060 2189 1119 2246 suis
1131 2188 1190 2264 opi-

155 2273 192 2329 25
206 2268 260 2327 bus
274 2280 493 2347 anteponerent;
514 2270 544 2327 id
557 2290 615 2328 non
629 2271 767 2328 divinitus
780 2271 889 2329 sactum
899 2289 962 2328 esse
974 2268 1099 2345 putatisl
1119 2286 1189 2344 prae-

205 2348 304 2405 sertim
317 2350 441 2426 quinos,
456 2368 513 2406 non
525 2349 690 2424 pugnando,
705 2349 756 2405 sed
779 2351 913 2419 tacendo,
937 2366 1070 2424 superare
1092 2355 1190 2421 potue·
1226 2415 1229 2421 ¹

204 2427 290 2481 runtl

243 2501 282 2556 X.
302 2500 511 2570 Quamobrem,
531 2499 675 2570 Quirites,
698 2501 833 2574 quoniam
855 2500 891 2556 ad
912 2498 1010 2556 omnia
1029 2500 1189 2576 pulvinaria

205 2577 374 2654 supplicatio
386 2578 504 2635 decreta
517 2588 569 2649 est,
584 2578 759 2636 celebratote
772 2577 836 2635 illos
855 2577 918 2634 dies
937 2596 1005 2634 cum
1019 2578 1190 2656 conjugibus

131 2672 136 2679 ’
151 2640 191 2713 ὦ
203 2675 241 2714 11
253 2656 351 2714 liberis
361 2656 469 2714 vestris.
509 2656 588 2713 Nam
598 2656 682 2716 multi
692 2675 766 2732 sape
775 2656 896 2714 honores
904 2654 969 2712 Diis
982 2655 1190 2715 immortalibus

209 2735 279 2811 justi
293 2734 383 2792 habiti
398 2744 464 2792 suut
478 2753 514 2792 ac
537 2735 637 2805 debiti,
651 2735 703 2792 sed
725 2732 853 2810 prosectb
875 2733 1008 2810 justiores
1030 2754 1187 2811 nunquam.

205 2812 305 2889 Erepti
318 2813 395 2871 1111111
416 2832 452 2870 ex
465 2812 663 2890 crudelissimo
685 2830 720 2869 ac
736 2812 895 2870 miserrimo
908 2812 1035 2885 interitu,
1050 2825 1079 2871 et
1098 2814 1189 2890 erepti

205 2890 268 2949 sine
282 2892 371 2963 crede,
385 2891 448 2950 siue
461 2891 612 2968 sanguiue,
626 2891 690 2949 sine
703 2891 843 2963 exercitu,
856 2891 919 2949 sine
939 2892 1134 2963 dimicatione,
1148 2902 1188 2963 tp·

205 2969 275 3047 gati,
290 2988 337 3027 me
350 2989 409 3028 uno
421 2979 517 3046 togato
530 2971 605 3027 duce
619 2980 648 3029 et
661 2970 841 3046 imperatore,
855 2970 973 3028 vicistis.
1014 2970 1131 3029 Etenim
1144 2991 1189 3029 re·

154 3048 191 3104 35
205 3049 375 3121 cordamini,
388 3049 531 3121 Quirites,
545 3067 646 3108 omnes
659 3048 759 3107 civiles
773 3049 974 3120 dissensiones,
988 3067 1082 3124 neque
1096 3047 1187 3107 solum

204 3147 254 3186 eas
267 3148 338 3205 quas
353 3126 482 3200 audistis,
493 3129 543 3187 sed
557 3138 585 3186 et
599 3129 652 3187 has
662 3147 734 3204 quas
743 3139 851 3186 vosmet
861 3128 915 3204 ipsi
928 3128 1097 3186 meministis
1111 3138 1139 3185 et
1149 3129 1188 3185 vi-

204 3207 294 3267 distis.
336 3207 370 3266 L.
386 3209 468 3266 Sulla
490 3208 522 3266 P.
538 3207 701 3284 Sulpicium
723 3207 878 3284 oppressit3
899 3227 935 3265 ex
957 3207 1029 3265 urbe
1051 3206 1137 3283 ejecit
1151 3208 1185 3264 C.

204 3284 341 3358 Marium,
356 3288 504 3346 custodem
514 3286 599 3362 hujus
613 3287 710 3357 urbis3
731 3285 892 3360 multosque
903 3286 988 3343 fortes
998 3286 1072 3342 viros
1084 3286 1187 3360 partim

204 3363 290 3439 ejecit
299 3384 336 3422 ex
348 3366 474 3435 civitate,
484 3366 588 3440 partim
602 3365 755 3423 interemit.
797 3365 852 3421 Cn.
863 3363 1013 3433 Octavius,
1024 3364 1134 3433 consul,
1146 3383 1188 3421 ar·

155 3440 190 3493 40
204 3441 259 3498 mis
272 3460 306 3498 ex
321 3441 399 3499 Urbe
413 3442 553 3516 collegam
566 3460 651 3498 suum
664 3443 789 3517 expulit:
808 3442 902 3500 omnis
915 3441 964 3498 hic
983 3440 1064 3499 locus
1079 3443 1188 3499 acervis

204 3537 353 3594 corporum
366 3529 395 3576 et
409 3519 516 3576 civium
536 3519 678 3595 sanguine
700 3520 878 3578 redundavit.
920 3520 1071 3596 Superavit
1089 3524 1187 3597 postea

203 3596 301 3655 Cinna
314 3615 382 3655 curn
395 3595 499 3654 Mario.
540 3597 620 3654 Tum
643 3595 723 3667 verb,
737 3597 764 3655 cl
800 3598 905 3679 issimis
945 3599 996 3656 iris
1018 3599 1186 3671 interiectis,

202 3675 313 3734 lumina
339 3675 464 3733 civitatis
486 3674 628 3732 exstincta
648 3683 723 3732 suut.
767 3617 860 3732 {ltus
873 3618 1036 3752 ‘estluujus
1062 3677 1187 3737 victorias

203 3755 402 3814 crudelitatem
414 3762 513 3832 postea
526 3751 624 3822 Sulla3
644 3770 701 3809 nec
714 3751 774 3810 dici
788 3752 904 3826 quidem
924 3772 995 3828 opus
1014 3765 1066 3825 est,
1081 3757 1186 3830 quanti
