2692 4484
396 270 532 321 ORATIO
553 271 623 319 ertu
645 270 684 319 M.
705 268 916 318 MARCELLO.
1163 270 1203 329 65

168 416 275 488 dicam,
284 434 340 473 non
354 414 473 492 perinde
487 414 609 491 intelligi
624 412 723 470 auditu
737 411 836 487 possit,
849 408 1009 546 ame
1024 410 1154 486 cogitans
1189 407 1192 412 ’

75 556 77 561 ⁴
168 496 269 552 sentio.
310 495 406 570 Ipsam
427 493 577 552 victoriam
598 491 702 549 vicisse
723 490 837 560 videris,
993 508 1086 564 ,quae
1107 490 1156 546 illa

136 630 145 647 ‚
168 588 229 631 erat
243 574 354 649 adepta,
368 572 453 645 pictis
465 572 609 630 remisisti.
653 568 741 640 Nam,
756 567 824 647 cum
837 568 928 643 ipsius
942 568 1071 625 victoriae
1085 586 1155 625 con·

113 648 118 659 ’
167 650 276 710 ditione
286 648 355 728 jure·
364 646 465 710 cinnes
478 652 547 709 victi
560 634 960 717 occidissemus3·blementiae
973 657 1031 704 tuae
1041 646 1155 722 judicio

168 730 327 788 conservati
342 750 449 788 sumus.
491 728 588 787 Recte
598 728 685 804 igitur
697 746 771 784 unus
781 727 905 783 invictus
915 746 956 797 es,
970 745 1051 802 aquo
1065 726 1153 782 etiam
1186 728 1204 780 5

92 809 95 815 ’
167 810 258 886 ipsius
271 810 397 867 victoriae
411 808 653 882 conditionisque
667 806 781 862 devicta
794 815 845 862 est.

207 889 244 947 V.
266 890 362 964 Atque
391 889 448 953 hoc
476 887 520 959 ,Cr
533 885 658 961 ¹cesaris
682 884 834 959 judicium,
856 883 956 940 Patres
976 882 1152 960 Conscripti,
1194 944 1197 953 Ι

167 970 253 1042 'quam
274 966 332 1024 late
353 952 461 1043 pateat,
476 948 756 1023 attendiitii‘omues
776 963 863 1032 enim,
878 962 926 1037 qui
947 962 982 1018 ad
1004 962 1052 1019 illa
1073 982 1153 1021 arma
1196 956 1201 1025 l

169 1047 228 1103 fato
248 1065 348 1103 sumus
368 1044 468 1102 nescio
487 1062 544 1118 quo
564 1041 730 1118 reipublice
758 1041 861 1098 misero
881 1041 1048 1116 funestoque
1076 1061 1154 1099 com·
1196 1038 1201 1111 l

169 1124 254 1200 pulsi,
276 1123 331 1181 etsi
352 1122 447 1198 aliqui
474 1122 560 1197 culpd
581 1132 712 1177 tenemur
732 1120 835 1176 erroris
855 1119 983 1190 humani,
1008 1138 1025 1176 a
1044 1122 1152 1178 scelere
1168 1118 1202 1173 10

171 1201 251 1260 certe
272 1201 386 1259 liberati
410 1219 517 1258 sumus.
557 1199 645 1269 Nam,
660 1196 728 1256 cirm
744 1198 785 1256 Μ.
801 1197 983 1269 Marcellum,
997 1198 1153 1275 deprecan-

172 1282 250 1337 tibus
263 1281 352 1351 robis,
366 1279 532 1356 reipublice
552 1278 750 1348 conservarit;
772 1288 879 1334 memet
903 1277 982 1346 mibi,
996 1289 1025 1334 et
1048 1278 1151 1336 iterum

174 1358 350 1434 reipublice,
375 1359 453 1416 nullo
472 1358 655 1433 deprecante,
677 1357 802 1433 reliquos
823 1355 1011 1432 amplissimos
1030 1357 1104 1415 viros
1124 1369 1153 1415 et

127 1442 154 1476 ³
172 1437 227 1494 sibi
242 1437 311 1513 ipsis
324 1449 352 1495 et
364 1438 472 1512 patriae,
486 1437 628 1494 reddidit:
650 1455 771 1513 quorum
785 1446 814 1492 et
836 1434 1023 1509 frequentiam
1043 1448 1072 1494 et
1091 1436 1154 1512 dig·

135 1511 138 1516 ’
171 1515 290 1572 nitatem
305 1516 360 1573 boc
374 1516 435 1591 ipso
448 1516 477 1573 in
492 1533 546 1588 qon
581 1535 629 1573 ssu
644 1515 757 1573 videtis.
794 1513 867 1584 ,Non
877 1514 925 1571 ille
936 1514 1031 1572 hostes
1041 1515 1153 1573 induxit
1168 1519 1201 1571 15

170 1592 199 1650 in
215 1594 344 1662 curiam;
361 1595 416 1671 ,sed
433 1535 585 1675 iiriiibi‘r‘ii‘,
600 1613 617 1652 a
636 1594 791 1670 plerisque,
806 1592 986 1670 ignoratione
1007 1592 1111 1669 potiris,
1125 1605 1154 1651 et

170 1671 240 1730 falso
254 1682 337 1748 atque
349 1668 538 1746 luadi'tnbtii,
548 1671 635 1750 quim
650 1673 809 1749 cupiditate
824 1683 874 1730 aut
894 1671 1075 1743 crudelitate,
1097 1672 1154 1729 bel·

169 1750 229 1808 lum
244 1769 307 1809 esse
321 1762 496 1828 susceptum.
536 1754 608 1820 Quo
621 1753 737 1829 quidem
753 1753 782 1809 in
797 1751 873 1809 bello
892 1770 1005 1827 semper
1025 1751 1061 1808 de
1081 1769 1153 1828 pace

169 1830 345 1888 audiendum
358 1832 475 1907 putavi3
497 1851 666 1908 semperque
687 1832 776 1903 dolui,
791 1846 860 1905 non·
872 1828 956 1893 modo
971 1849 1081 1906 pacem,
1103 1831 1154 1888 sed

168 1909 326 1967 orationem
359 1911 447 1968 etium
480 1911 598 1981 civium,
632 1929 734 1987 pacem
766 1908 967 1988 flagitantium,
1001 1909 1153 1986 repudiari.
1168 1919 1204 1973 20

169 1987 273 2063 Neque
286 1989 364 2046 enim
377 2009 432 2066 ego
453 1990 512 2061 illa,
526 2010 582 2048 nec
606 1990 665 2047 tilla
687 2009 824 2067 unquam,
849 2002 966 2047 secutus
991 2008 1054 2047 sum
1076 2007 1156 2045 arma

160 2067 284 2136 ,civilia3
307 2068 475 2143 semperque
499 2088 564 2126 mea
585 2069 707 2126 consilia
728 2069 811 2144 pacis
835 2078 865 2125 et
885 2078 959 2144 togae
986 2066 1076 2138 socia,
1097 2085 1155 2124 non

170 2144 238 2223 belli
246 2158 337 2223 atque
353 2164 506 2216 armorum,
520 2146 644 2204 luerunt.
686 2148 843 2206 Hominem
858 2167 921 2204 sum
936 2155 1054 2203 secutus
1066 2143 1158 2221 priva·

170 2226 200 2279 to*
219 2222 325 2293 officio,
350 2242 407 2280 non
429 2224 562 2298 publico:
593 2235 761 2302 tantumque
788 2226 862 2303 apud
890 2245 937 2282 me
964 2224 1039 2302 grati
1068 2223 1156 2282 animi

172 2300 265 2358 fidelis
279 2300 417 2359 memoria
431 2303 529 2375 valuit,
544 2313 575 2361 ut
589 2305 678 2376 nullia,
694 2310 755 2364 non
771 2304 856 2362 morib
871 2304 1039 2381 cupiditate,
1054 2303 1104 2359 sed
1119 2322 1155 2360 ne
1168 2313 1205 2366 25

105 2384 120 2405 ³
172 2399 222 2456 spe
243 2380 367 2454 quidem,
381 2381 508 2457 prudens
532 2392 561 2440 et
581 2384 687 2455 sciens,
709 2394 843 2461 tanquam
866 2384 901 2441 ad
926 2376 1072 2440 itternum
1093 2401 1156 2441 rue·

172 2478 232 2516 rem
247 2459 445 2518 voluntarium.

209 2537 299 2599 Quod
326 2539 441 2613 quidem
469 2560 567 2617 meum
609 2542 692 2602 onsil'
774 2543 891 2601 minime
911 2544 1067 2601 obscurum
1089 2541 1152 2599 fuit.

171 2615 247 2673 Nam
262 2628 291 2674 et
305 2618 333 2674 in
349 2618 404 2677 hoc
418 2620 528 2692 ordine,
544 2562 824 2699 Wffnulta
844 2623 880 2691 de
894 2642 965 2699 pace
980 2622 1059 2685 dixi:
1080 2630 1109 2695 et
1119 2616 1163 2695 ¹in

171 2694 231 2771 ipso
246 2696 320 2753 bello
334 2676 545 2769 bidelffllam
561 2721 628 2759 cum
643 2687 956 2781 capitis''mbi⁴1‘tirijido
965 2698 1082 2773 “serisis
1109 2699 1154 2757 En
1167 2708 1204 2761 30

169 2793 226 2853 quq
236 2774 295 2851 jam
311 2795 395 2834 nemo
409 2778 464 2834 erit
478 2792 534 2836 tum
550 2780 673 2856 injustus
687 2801 782 2839 rerum
806 2780 817 2858 [
835 2782 838 2796 ¹
867 2775 902 2837 dtr
943 2747 1017 2860 itin]
1033 2781 1082 2856 qui
1103 2781 1155 2837 du·

171 2853 250 2924 bitet,
264 2874 327 2929 quae
341 2855 466 2913 Oaesaris
480 2860 611 2916 voluntas
632 2861 669 2918 de
694 2861 769 2919 bello
790 2860 805 2917 s
839 2861 916 2930 rit,c
939 2879 966 2915 m
985 2860 1066 2934 pacis
1087 2877 1155 2916 auc·

170 2940 245 2989 tores
269 2937 482 2993 conservandos
503 2939 599 2995 statim
623 2941 781 3009 censuerit,
804 2939 916 2996 caeteris
931 2938 1025 2997 luerit
1047 2938 1152 2995 iratior.

171 3011 267 3085 Atque
276 3012 353 3069 idvm'
380 3010 413 3070 irs
426 3015 527 3072 mirum
540 3017 658 3074 sortasse
669 3031 742 3090 tum,
752 3016 819 3076 crim
832 3028 907 3074 esset
917 3018 1042 3074 incertus
1050 3017 1153 3087 exitus,

98 3126 100 3130 .
170 3082 281 3146 ettilidle
315 3108 354 3155 Δο
383 3110 440 3148 una
456 3093 602 3170 belli:qui
617 3096 804 3167 verb‚vict0r,
816 3096 897 3172 pacis
909 3095 1203 3170 auctoresdiligit,35

172 3166 195 3223 is
206 3158 334 3242 profectb
347 3170 484 3240 declarat,
494 3192 525 3229 se
536 3175 671 3233 maluisse
683 3197 740 3234 non
750 3177 900 3244 dimicare,
909 3172 993 3250 qubm
1010 3175 1133 3249 vincere.
1215 3232 1218 3243 1

211 3245 270 3313 Ἦ..
300 3248 395 3322 Atque
423 3249 507 3324 hujus
529 3254 645 3327 quidem
672 3256 714 3312 rei
741 3255 783 3312 M.
807 3254 947 3311 Marcello
974 3274 1036 3311 sum
1062 3231 1244 3317 {tenses-tlt

170 3322 269 3383 Nostri
284 3327 362 3383 enim
387 3347 498 3400 sensus,
514 3341 545 3388 ut
569 3332 598 3388 in
620 3354 693 3410 pace
715 3352 837 3410 semper,
860 3333 903 3391 sic
925 3345 984 3390 turn
1010 3333 1096 3389 etiarn
1122 3331 1197 3389 inm
1211 3326 1284 3397 W

171 3403 244 3461 bello
258 3408 465 3482 congruebant.
505 3409 630 3470 Quoties
644 3432 699 3489 ego
712 3433 788 3483 eum,
803 3425 831 3470 et
844 3424 950 3488 quanto
964 3432 1030 3470 cum
1045 3412 1151 3483 dolore,

169 3484 236 3554 ridi,
251 3484 320 3542 crim
337 3485 517 3544 insolentiam
544 3501 687 3549 certorum
708 3493 783 3559 liorni
808 3488 865 3560 um,
879 3504 940 3549 tum
961 3493 1047 3549 etiarn
1063 3491 1151 3567 ipsius
1166 3489 1201 3542 40

50 3577 55 3586 '
151 3612 153 3617 Α
169 3562 295 3620 victoriae
309 3564 497 3636 ferocitatem,
512 3570 748 3629 extimescentem
759 3562 783 3631 l*
809 3571 880 3633 Qud
895 3572 1002 3647 gratior
1015 3582 1066 3628 tua
1080 3571 1151 3627 libe·
1173 3625 1190 3636 ,

169 3642 274 3731 talitas‚
289 3637 323 3700 O.
340 3644 447 3716 Caesar,
462 3647 554 3718 nobis,
569 3649 616 3725 qui
639 3651 688 3708 illa
702 3649 835 3720 vidimus,
860 3650 945 3708 debet
969 3670 1041 3708 esse.
1083 3648 1151 3705 Non

169 3739 246 3776 enim
267 3722 326 3796 jam
346 3742 443 3781 causae
465 3737 532 3783 sunt
556 3728 630 3787 inter
651 3749 693 3801 se,
707 3730 759 3787 sed
781 3730 918 3798 victoriae,
941 3727 1151 3802 comparandae.

170 3798 303 3857 Vidimus
315 3812 393 3860 tuam
404 3804 558 3937 pipmriam
573 3809 735 3883 praeliorum
747 3809 827 3866 exitu
840 3808 1022 3865 terminatam
1035 3824 1042 3860 ε
1064 3801 1155 3878 gladi·

416 3903 424 3937 l
