2692 4484
183 342 222 402 18
341 378 348 383 .
420 308 557 386 onemo
579 335 615 385 11.
638 335 678 385 m
700 336 731 385 a.
755 336 969 389 camararum

269 476 328 537 111.
349 476 451 554 ltaque
461 496 516 555 ego
528 477 608 536 illum
620 478 791 547 exercitum,
800 499 860 556 prta
870 478 1033 541 Gallicanis
1040 483 1215 562 legionibus,

206 567 209 573 ’
229 567 259 616 et
270 557 326 616 hoc
339 557 455 615 delectu
466 575 552 631 quem
560 558 591 614 iu
601 576 669 635 agro
681 558 792 616 Piceno
800 569 830 616 et
841 559 955 619 Gallico
965 562 1007 623 Q.
1018 560 1155 623 Metellus
1166 568 1215 624 ha·

230 635 303 707 buit,
309 646 341 694 et
351 635 396 693 his
404 635 496 711 copiis
504 654 568 711 qma
580 656 597 693 a
607 638 828 714 nobisquotidie
837 652 1051 716 comparantur,
1060 662 1215 721 magnope-

229 713 263 773 re
274 715 607 792 contemno,'collectum
622 736 658 774 ex
672 718 791 775 senibus
806 718 975 794 desperatis,
984 739 1022 778 ex
1033 724 1138 800 agresti
1152 724 1214 783 lux·

196 800 215 854 5
230 793 305 864 urii,
318 811 355 849 ex
367 794 485 851 rusticis
498 794 711 866 decoctoribus,
725 815 762 854 ex
776 796 822 868 iis,
830 798 879 872 qui
892 798 1057 858 vadimonia
1071 802 1214 875 deserere,

228 870 316 947 qnam
338 870 418 928 illum
438 871 611 943 exercitum,
624 874 807 945 maluerunt;
828 876 934 951 quibus
947 896 1003 955 ego
1016 899 1074 938 non
1088 881 1174 939 rnodd
1188 882 1214 939 si

229 949 324 1007 aciem
335 948 480 1008 exercitiis
490 950 701 1022 nostri,‚verfrm
713 953 801 1010 etiarn
810 954 834 1010 si
843 954 972 1013 edictum
981 960 1110 1034 praetoris
1119 971 1215 1017 osten·

228 1027 308 1099 dero,
323 1029 487 1086 concident.
529 1030 603 1101 Hos,
612 1050 684 1105 quos
694 1031 779 1089 video
790 1033 908 1091 volitare
923 1034 953 1092 iu
969 1035 1039 1110 foro,
1051 1058 1123 1113 quos
1136 1049 1213 1096 stare

229 1106 265 1164 ad
279 1106 401 1179 curiam,
412 1127 483 1184 quos
493 1108 581 1166 etiam
593 1110 621 1166 iu
634 1120 768 1169 senatum
779 1112 877 1170 venire
890 1133 897 1181 ;
918 1113 968 1189 qui
978 1114 1073 1172 nitent
1084 1136 1214 1193 unguen·

179 1186 214 1243 ll)
227 1185 276 1257 tis,
284 1186 334 1262 qui
345 1186 455 1264 fulgent
469 1188 605 1264 purpura,
615 1188 731 1246 mallem
743 1208 844 1248 secum
853 1211 921 1249 suos
932 1193 1037 1251 milites
1047 1195 1211 1252 eduxisset:

227 1264 277 1340 qui
288 1264 312 1322 si
323 1264 374 1323 hic
384 1276 565 1341 permanent,
573 1278 759 1339 mementote,
769 1288 827 1327 non
838 1280 897 1327 tam
906 1273 1068 1330 exercitum
1079 1272 1160 1329 illum
1169 1291 1214 1329 es-

227 1343 1211 1427 eenobis,quimhos,quioxercitumdeseruerunt‚pertimescendos.

240 1430 247 1447 ⁸
267 1423 366 1498 Atque
380 1425 435 1481 hoc
449 1424 537 1481 etiam
551 1435 619 1482 sunt
631 1425 754 1484 timendi
768 1422 974 1504 magis,³qubd,
989 1430 1058 1506 quid
1072 1429 1211 1506 cogitent,

227 1518 274 1559 me
294 1503 371 1560 scire
390 1503 529 1574 sentiunt,
550 1522 644 1580 neque
665 1514 764 1562 tamen
784 1517 995 1582 permoventur.
1038 1509 1142 1579 Video,
1163 1507 1212 1564 cui

178 1574 214 1667 15·
227 1580 337 1656 Apulia
347 1582 384 1640 sit
393 1582 539 1653 attributa,
548 1583 596 1657 qui
606 1583 712 1641 habeat
721 1584 877 1655 Etruriam,
886 1584 935 1660 qui
945 1603 1046 1661 agrum
1058 1587 1212 1657 Picenum,

226 1659 274 1734 qui
296 1660 452 1732 Gallicum,
466 1661 515 1737 qui
536 1662 591 1718 sibi
612 1662 664 1720 has
686 1662 813 1720 urbanas
833 1664 954 1720 iusidias
967 1663 1056 1722 caedis
1072 1675 1156 1739 atque
1171 1665 1213 1722 in·

228 1739 397 1797 cendiorum
412 1740 628 1816 depoposcerit:
649 1742 747 1799 omnia
761 1741 916 1818 superioris
930 1743 1025 1799 noctis
1039 1743 1161 1800 consilia
1175 1741 1214 1800 ad

226 1834 274 1874 me
296 1818 391 1876 delata
413 1837 476 1876 esse
498 1819 647 1877 sentiunt:
675 1820 800 1894 patefeci
823 1821 854 1878 in
875 1831 978 1878 senatu
999 1821 1134 1880 hesterno
1155 1821 1211 1878 die.

227 1894 357 1956 Catilina
376 1897 438 1974 ipse
457 1897 621 1974 pertimuit;
641 1897 785 1975 profugit:
815 1898 844 1956 hi
864 1899 932 1974 quid
954 1900 1145 1975 exspectantf
1166 1917 1212 1958 nat

174 1960 212 2028 20
226 1974 268 2033 illi
292 1977 477 2034 vehementer
497 1986 605 2047 errant,
626 1976 650 2033 si
672 1976 751 2032 illam
771 1996 866 2034 meam
886 1977 1040 2053 pristinam
1060 1979 1212 2036 lenitatem
1243 2008 1246 2013 ·
1296 2028 1300 2037 .

226 2064 392 2131 perpetuam
407 2065 523 2132 sperant
538 2055 670 2113 futuram.

266 2132 319 2191 lv.
353 2133 444 2195 Quod
463 2133 711 2211 exspectavi,jam
734 2153 798 2192 sum
820 2144 981 2207 assecutus,
996 2145 1028 2193 ut
1047 2155 1097 2193 vos
1110 2153 1213 2193 omnes

226 2211 333 2270 factam
347 2232 411 2271 esse
426 2213 524 2291 aperte
540 2212 772 2290 conjurationem
790 2226 891 2272 contra
908 2215 1117 2292 rempublicam
1136 2212 1213 2270 vide·

226 2291 296 2349 retis
305 2312 322 2362 ;·
334 2292 390 2349 nisi
404 2292 472 2350 vero
486 2293 510 2350 si
525 2293 589 2369 quis
603 2303 657 2364 est',
666 2294 716 2369 qui
732 2294 867 2351 Catilinae
878 2294 988 2352 similes
1001 2312 1068 2352 com
1083 2291 1211 2364 Catilina

176 2368 333 2428 25aentire
354 2390 412 2427 non
433 2382 522 2446 putet.
564 2371 633 2428 Non
647 2372 765 2444 estjam
779 2373 891 2429 lenitati
906 2373 1007 2431 locus:
1032 2371 1213 2430 severitatem

226 2467 272 2505 res
294 2450 357 2522 ipsa
380 2447 499 2521 flagitat.
542 2447 639 2502 Unum
661 2447 750 2500 etiam
777 2466 857 2503 nunc
880 2450 1058 2505 concedam:
1086 2459 1211 2518 exeant;

225 2523 462 2602 proficiscantur3
487 2541 525 2579 ne
539 2522 685 2598 patiantur
695 2516 840 2581 debiilelio
851 2524 895 2580 sui
907 2524 1065 2582 Catilinam
1075 2527 1212 2583 miserum

128 2621 133 2630 ·
227 2594 384 2661 t'abe's'cere.
406 2624 410 2673 ς
427 2600 639 2659 Demonstrabo
654 2600 732 2659 itert'
747 2600 869 2658 Aurelia
884 2601 930 2658 viai
945 2603 1090 2679 profectus
1104 2615 1165 2663 est:
1186 2604 1211 2662 si

225 2678 512 2751 accelerarelvolent,
525 2680 559 2737 ad
575 2699 722 2757 vesperam
735 2692 958 2755 consequentur.
995 2682 1024 2739 Ο
1040 2683 1213 2741 fortunatam

177 2767 214 2823 30
227 2759 446 2837 rempublicam,
462 2760 485 2818 si
500 2759 617 2836 quidem
632 2760 709 2817 hauc
723 2759 868 2818 sentinam
884 2761 970 2836 hujus
985 2760 1064 2819 urbis
1078 2762 1211 2837 ejecerit!

227 2839 294 2899 Uno
308 2838 504 2920 (mehercule)
520 2838 648 2898 Catilimi
662 2840 813 2909 exhausto,
823 2840 949 2897 relevata
960 2840 1031 2898 mihi
1045 2851 1074 2898 et
1083 2851 1214 2899 recreata

207 2918 393 2995 ,respublica
406 2919 527 2978 videtur.
568 2918 651 2981 Quid
675 2919 753 2976 enim
778 2918 846 2975 mali
869 2929 918 2976 aut
940 2919 1058 2977 sceleris
1079 2920 1148 2997 fingi
1164 2928 1214 2978 aut

67 2982 70 2987 i
227 3017 264 3057 ex
321 2998 385 3057 'tari
406 3010 509 3075 potest,
523 2999 598 3075 quod
614 3017 671 3056 non
689 2998 735 3055 ille
750 2997 940 3089 cpppgper'tl
980 2998 1024 3057 uis
1045 2999 1105 3056 tota
1125 2998 1249 3154 ᾓιῇᾤ

134 3036 301 3161 (femme
322 3080 385 3150 titis,
398 3078 463 3154 quis
481 3079 632 3155 gladiator,
646 3099 664 3153 q
696 3018 1109 3216 slplrpquisbimffls
1147 3097 1162 3134 a
1194 3082 1228 3134 t-'

666 3097 683 3134 u

178 3167 215 3224 35
248 3158 256 3217 i
297 3159 453 3253 ,quistept
474 3177 519 3216 me
563 3178 585 3239 f,
649 3096 936 3294 splflettormuiscir
977 3176 1021 3214 ms
1041 3157 1214 3234 ruptor,vquis

185 3158 332 3327 Mic,
353 3177 485 3314 quistfti
532 3177 638 3315 ,niisP
647 3256 662 3294 a
687 3237 769 3308 ulter,
793 3258 857 3314 quae
880 3237 983 3296 mulier
1003 3236 1128 3307 infamis,
1150 3237 1214 3325 quis

229 3327 379 3392 corruptor
398 3318 567 3392 juventutis,
589 3316 653 3391 quis
673 3327 835 3392 corruptus,
850 3317 913 3390 quis
936 3316 1076 3389 perditus,
1092 3315 1213 3371 invemrr

228 3403 333 3470 potest,
347 3394 395 3469 qui
411 3413 524 3451 secum
547 3393 676 3450 Catilina
696 3413 754 3450 non
770 3389 992 3449 familiarissime
1007 3390 1111 3447 vixisse
1127 3391 1214 3448 fatea-

229 3472 299 3530 turl
324 3471 403 3533 Quae
418 3470 514 3528 candes
528 3490 578 3546 per
593 3471 681 3526 hosce
703 3488 794 3526 annos
815 3469 877 3525 siue
893 3467 941 3525 illo
956 3468 1033 3529 sacta
1046 3470 1113 3525 estl
1138 3471 1212 3543 qnod

181 3558 217 3614 to
231 3549 373 3609 nefarium
394 3560 524 3625 stuprum
546 3568 603 3607 non
624 3567 675 3623 per
696 3544 988 3683 incompotem
1009 3565 1073 3623 quae
1087 3557 1169 3604 tanta
1183 3548 1213 3606 in

780 3644 815 3683 ec

231 3630 290 3689 nllo
306 3648 433 3706 unquam
448 3627 565 3686 homine
575 3626 735 3704 juventutis
749 3625 758 3683 i
899 3620 1084 3701 fditpquanta
1098 3625 1127 3683 in
1142 3626 1213 3685 illut

127 3764 132 3783 ,
232 3709 281 3786 qui
292 3707 363 3767 alios
374 3708 435 3786 ipse
447 3707 562 3765 amabat
572 3701 747 3783 turpissime,
760 3705 879 3764 aliorum
892 3703 981 3763 amori
992 3704 1213 3783 flagitiosissime

232 3788 384 3860 serviebat,
407 3787 470 3846 aliis
492 3786 619 3847 fructum
639 3784 804 3858 libidinum,
825 3783 889 3842 aliis
909 3794 1030 3843 mortem
1049 3785 1214 3862 parentium,

232 3888 290 3929 non
312 3866 398 3929 modd
413 3865 596 3946 impellendo,
611 3861 814 3924 verumetiam
829 3863 1002 3944 adjuvando,
1014 3864 1213 3943 pollicebatur.
