2692 4484
340 335 476 386 ORATIO
497 335 543 383 IV.
566 334 604 383 IN
625 334 656 382 L.
679 333 895 383 CATILINAM.
948 388 963 409 x
1126 343 1167 404 39

130 484 180 562 qui
193 502 252 554 nos,
262 481 310 557 qui
321 481 467 559 conjuges,
482 478 531 555 qui
544 477 649 535 liberos
662 487 782 548 nostros,
791 478 938 536 trucidare
948 479 1115 551 voluerunt,

131 564 179 640 qui
192 560 320 639 singulas
333 559 559 636 uniuscujusque
572 556 702 615 nostrdm
715 556 823 628 domos,
837 568 867 615 et
880 558 936 614 hoc
951 557 1118 616 universum

130 641 293 718 reipublicae
307 639 496 708 domicilium,
510 636 607 694 delere
621 635 718 696 conati
732 646 814 705 sunt;
835 635 927 710 quiid
942 648 1075 714 egerunt,
1087 646 1119 694 ut

129 717 244 798 gentem
259 719 448 794 Allobrogum
468 716 499 772 in
518 713 646 791 vestigiis
666 714 750 790 hujus
770 714 859 785 urbiS,
874 725 959 789 atque
974 715 1118 775 incinere

130 798 279 875 deflagrati
301 797 423 873 imperii,
444 795 634 862 collocarent3
659 792 684 849 si
704 793 946 851 vehementissimi
968 794 1117 867 fuerimuS,
1152 806 1170 858 5

129 876 330 935 misericordes
358 875 545 932 habebimur:
574 872 619 929 sin
646 871 822 938 remissiores
848 891 911 930 esse
935 874 1117 945 voluerimus,

130 975 249 1014 summae
271 955 353 1013 nobis
374 950 553 1011 crudelitatis
566 950 596 1007 in
609 949 708 1026 patriae
722 950 885 1025 civiumque
898 952 1026 1028 pernicie
1040 952 1118 1012 sama

131 1036 282 1093 subeunda
295 1044 346 1091 est.

171 1114 239 1170 Nisi
259 1111 326 1170 verb
348 1111 476 1186 cuipiam
495 1109 529 1165 L.
544 1108 652 1179 Cesar,
666 1107 708 1165 vir
721 1107 890 1166 fortissimus
910 1120 939 1166 et
960 1111 1118 1169 amantissi-

132 1212 198 1249 mus
211 1191 388 1268 reipublicae,
403 1187 543 1246 crudelior
557 1187 763 1245 nudiustertius
776 1188 853 1244 visus
866 1199 918 1259 est,
934 1186 1002 1247 ciun
1015 1190 1119 1249 sororis
1136 1195 1171 1249 10

135 1290 204 1342 suae,
219 1266 542 1337 fceminae'elcctissimae,
552 1265 643 1322 virum
653 1276 821 1341 presentem
835 1278 864 1324 et
875 1268 1048 1340 audientem,
1060 1270 1119 1328 virt

136 1350 305 1426 privandum
319 1366 381 1405 esse
395 1345 474 1416 dixit,
488 1343 556 1402 ciam
577 1363 661 1401 avum
678 1344 760 1420 jussu
781 1347 905 1403 consulis
925 1346 1118 1420 interfectum,
1150 1399 1153 1404 .

138 1427 286 1501 liliumque
306 1426 367 1503 ejus
387 1425 572 1501 impuberem,
586 1423 714 1500 legatum
735 1443 752 1481 a
771 1434 850 1500 patre
871 1425 999 1499 missum,
1014 1426 1044 1485 in
1058 1446 1120 1486 car·

136 1525 206 1564 cere
218 1517 352 1563 necatum
366 1523 428 1562 esse
442 1503 529 1560 dixit:
550 1520 682 1577 quorum,
697 1503 772 1577 quod
788 1502 880 1560 simile
895 1503 1022 1562 factumi
1044 1506 1120 1580 quod

136 1584 239 1641 initum
260 1584 387 1640 delendae
407 1581 573 1658 reipublicae
590 1581 762 1639 consilium?
803 1580 978 1658 Largitionis
992 1583 1121 1642 voluntas
1138 1582 1172 1637 15

136 1672 197 1720 tum
218 1662 247 1718 in
268 1661 415 1737 republica
435 1670 548 1718 versata
567 1669 621 1729 est,
635 1671 664 1716 et
684 1658 807 1735 partium
822 1660 953 1734 quedam
967 1662 1120 1720 contentio.

136 1744 234 1816 Atque
248 1741 296 1798 illo
309 1740 436 1817 tempore
450 1739 535 1816 hujus
549 1757 618 1795 avus
632 1737 759 1809 Lentuli,
774 1738 950 1796 clarissimus
963 1739 1015 1811 vir,
1031 1758 1122 1799 arma·

136 1829 182 1877 tus
202 1820 369 1876 Gracchum
389 1829 434 1876 est
452 1829 637 1894 persecutus:
658 1816 708 1875 ille
728 1816 816 1874 etiam
837 1835 923 1893 grave
942 1829 1004 1877 tum
1019 1820 1123 1877 vulnus

116 1898 259 1974 ,accepit
273 1918 310 1955 ne
331 1898 400 1972 quid
420 1897 457 1954 de
477 1895 589 1953 summit
609 1895 778 1971 republica
798 1897 990 1955 minueretur:
1012 1898 1071 1967 hic,
1086 1897 1124 1954 ad

137 1977 291 2035 evertenda
318 1977 506 2034 fundamenta
533 1973 709 2052 reipublicae,
730 1973 831 2031 Gallos
860 1975 988 2045 arcessit,
1008 1973 1125 2032 servitia
1140 1972 1177 2027 20

139 2055 274 2124 concitat,
283 2055 440 2111 Catilinam
454 2056 553 2123 vocat}
576 2053 705 2110 attribuit
716 2072 771 2110 nos
783 2051 970 2109 trucidandos
984 2051 1124 2129 Cethego,

139 2145 258 2191 ceteros
279 2132 357 2189 cives
377 2131 590 2188 interficiendos
612 2131 748 2201 Gabinio,
769 2131 870 2188 urbem
891 2130 1125 2188 inflammandam

140 2211 253 2280 Cassio,
274 2219 363 2267 totam
390 2209 505 2265 Italiam
524 2209 692 2265 vastandam
713 2209 961 2284 diripiendamque
982 2209 1124 2267 Catilinae.

140 2287 302 2358 Veremini,
319 2285 451 2366 (censeo)
466 2305 513 2356 ne,
528 2286 557 2343 in
578 2286 634 2344 hoc
649 2287 831 2344 sceleratam
846 2287 964 2345 immani
979 2308 1014 2345 ac
1028 2289 1127 2346 nesan-

142 2368 189 2437 do,
210 2366 296 2424 nimis
324 2365 431 2440 aliquid
457 2363 554 2423 severe
582 2365 715 2423 statuisse
742 2366 912 2436 videamini;
940 2365 1008 2424 crim
1034 2364 1125 2424 multo
1141 2379 1177 2433 25

141 2445 234 2520 magis
242 2445 279 2501 sit
290 2444 455 2514 verendum,
470 2463 516 2514 ne,
525 2443 983 2537 remissiopepoenaeffrudelesin
992 2446 1124 2522 patriam,
1173 2472 1174 2475 ¹

142 2521 229 2598 quim
249 2541 296 2593 ne,
318 2522 468 2579 severitate
495 2508 864 2594 ahimadidrsr‘ionis‚'*nrmis
890 2525 1074 2582 vehementes
1095 2524 1123 2582 in

142 2601 341 2659 acerbissimos
355 2602 459 2671 hostes,
474 2601 561 2659 fiiisse
574 2602 731 2661 videamur.

180 2679 250 2749 vll,
292 2681 351 2736 Sed
365 2699 401 2737 ea
414 2699 476 2755 quae
491 2681 623 2750 exaudio,
639 2681 739 2738 Patres
759 2679 931 2758 conscripti,
945 2681 1126 2740 dissimulare

141 2778 199 2817 non
216 2777 338 2833 possum.
379 2758 533 2816 Jaciuntur
553 2759 631 2816 enim
653 2779 748 2830 voees,
762 2778 825 2833 quae
845 2761 1013 2835 perveniunt
1027 2761 1063 2818 ad
1079 2780 1127 2817 au·
1142 2774 1179 2830 30

141 2857 188 2896 res
201 2856 290 2908 meas,
304 2856 402 2895 eorum
423 2838 472 2911 qui
485 2838 577 2896 vereri
592 2838 735 2908 videntur,
750 2848 780 2895 ut
801 2839 924 2896 habeam
944 2839 1013 2896 satis
1032 2839 1128 2915 praesi-

142 2916 193 2987 dii,
215 2917 251 2973 ad
273 2936 317 2986 ea,
338 2935 401 2991 quae
429 2936 478 2974 vos
505 2917 662 2975 statueritis
691 2918 828 2975 hodierno
856 2917 913 2988 die,
934 2918 1127 2994 transigenda.

141 2994 251 3051 Omnia
270 3005 299 3052 et
318 2994 430 3070 provisa
449 3006 478 3053 et
497 3007 597 3072 parata
617 3006 646 3055 et
666 2996 822 3054 constituta
842 3006 918 3067 sunt,
934 2997 1033 3054 Patres
1053 2996 1129 3054 Con·

142 3073 252 3149 scripti,
267 3071 336 3129 cirm
356 3073 553 3131 medeamini
575 3075 646 3132 curti
668 3089 753 3149 atque
774 3075 934 3150 diligantid,
955 3085 1017 3131 tum
1037 3071 1128 3130 multi>

142 3151 230 3210 etiam
244 3151 353 3227 majore
365 3152 460 3226 populi
482 3150 619 3222 Romani,
634 3153 670 3209 ad
684 3171 827 3210 summum
843 3152 993 3229 imperium
1008 3152 1131 3210 retinen·
1146 3156 1181 3212 35

143 3232 222 3302 dum,
232 3242 262 3288 et
276 3230 313 3286 ad
327 3248 495 3287 communes
508 3231 635 3288 fortunas
649 3232 869 3302 conservandas,
880 3232 1032 3289 voluntate.
1061 3229 1130 3287 Om-

143 3328 196 3367 nes
210 3309 315 3366 adsunt
330 3308 457 3366 omnium
477 3309 609 3367 ordinum
632 3309 770 3380 homines,
783 3311 912 3368 omnium
927 3309 1051 3383 denique
1065 3319 1129 3367 aeta·

143 3397 221 3445 tum:
242 3387 359 3463 plenum
373 3398 417 3444 est
431 3387 531 3458 sorum,
545 3389 630 3464 plena
650 3387 757 3464 templa
770 3389 849 3447 circa
864 3389 966 3460 sorum,
980 3387 1058 3464 pleni
1071 3408 1129 3447 om-

143 3485 196 3525 nes
215 3467 310 3524 aditus
331 3466 413 3542 hujus
434 3466 489 3524 loci
511 3486 545 3524 ac
566 3467 670 3542 templi.
713 3467 810 3525 Causa
829 3467 908 3525 enim
928 3479 981 3537 est,
995 3477 1057 3544 post
1076 3468 1130 3525 Ur·

145 3545 211 3603 bem
224 3545 380 3616 conditam,
393 3547 455 3603 haec
466 3545 582 3604 inventa
594 3546 664 3617 sola,
676 3544 706 3602 in
717 3545 774 3620 quai
783 3564 884 3605 omnes
892 3547 1032 3604 sentirent
1041 3564 1131 3602 unum
1148 3553 1183 3605 40

146 3634 230 3698 atque
244 3624 331 3695 idem,
344 3634 446 3700 praeter
467 3644 525 3694 eos,
540 3624 599 3699 qui,
614 3623 682 3682 crim
703 3623 758 3682 sibi
779 3625 908 3682 viderent
928 3644 991 3681 esse
1011 3643 1132 3698 pereun-

146 3702 225 3772 dum,
239 3721 306 3761 cum
319 3702 453 3760 omnibus
471 3702 566 3778 potius
584 3701 669 3777 quam
684 3703 736 3760 soli
750 3703 843 3778 perire
856 3703 1017 3760 'voluerunt
1060 3701 1134 3755 Hos·

147 3799 183 3838 ce
195 3799 250 3856 ego
263 3781 392 3838 homines
412 3780 523 3855 excipio
543 3792 573 3837 et
592 3799 712 3838 secerno
731 3780 871 3837 libenter:
891 3797 986 3851 neque
1007 3776 1085 3831 enim
1105 3774 1134 3828 in

147 3857 340 3935 improborum
359 3859 477 3930 civium,
492 3860 543 3915 sed
557 3858 587 3916 in
601 3857 852 3916 acerbissimorum
866 3855 1001 3921 hostium,
1015 3867 1137 3907 numero
