2692 4484
330 280 467 332 orario
489 277 559 328 rao
580 277 612 327 r.
634 274 750 326 numo
772 271 924 323 umores.
953 331 959 343 ι
1116 273 1175 333 luo
1242 257 1244 260 ’

129 450 184 508 pus
197 427 285 486 ullum
300 427 420 504 dignum
434 425 497 496 fuit,
509 420 589 481 certe
604 422 669 478 haec
683 420 714 477 in
727 419 778 476 illa
792 417 882 475 causa
902 434 1018 476 summa
1030 416 1128 474 omnia

131 511 257 568 fuerunt.
298 506 452 564 Insidiator
462 507 529 562 ‘erat
543 503 574 560 in
588 502 649 560 soro
662 499 829 569 collocatus,
852 507 939 573 atque
958 497 989 555 in
1003 496 1129 554 vestibu·
1188 526 1193 532 ,

130 590 161 648 lo
174 590 233 665 ipso
246 586 381 645 senatus:
402 585 431 643 ei
445 584 506 642 viro
520 591 619 639 autem
632 579 710 637 mors
731 578 897 655 parabatur,
912 577 997 654 cujus
1018 576 1049 634 iu
1070 575 1129 633 vitia
1182 646 1186 660 Ι

131 668 276 726 nitebatur
296 665 375 723 salus
395 663 539 732 civitatis3
562 680 597 718 eo
609 656 694 737 porrd
715 657 881 734 reipublicae
900 666 1039 734 tempore,
1061 675 1128 731 quo,

131 748 157 805 si
177 766 252 803 unus
278 745 327 803 ille
347 741 514 813 occidisset,
536 760 594 798 non
611 740 683 797 ,brec
702 734 795 808 solum
821 736 934 808 civitas,
955 737 1006 795 sed
1026 744 1130 814 gentes
1161 741 1179 794 5

131 816 232 885 omnes
252 824 457 883 concidissent.
499 820 566 879 Nisi
585 816 669 889 forte,
685 817 753 892 quia
774 816 904 893 perfecta
926 836 972 873 res
992 835 1051 874 non
1074 823 1128 887 est,
1227 855 1228 858 η

132 926 191 965 non
213 903 447 983 fuitpunienda';
467 899 589 978 perinde
613 897 695 972 quasi
717 896 809 956 exitus
832 913 939 966 rerum,
960 915 1019 954 non
1040 894 1131 960 homi,-

133 1004 205 1044 uum
227 983 359 1054 consilia,
383 982 498 1057 legibus
519 978 711 1036 vindicentur.
764 972 865 1031 Minus
886 974 1042 1033 dolendum
1063 974 1128 1046 fuit,

133 1054 166 1122 ro
179 1084 238 1122 non
251 1060 400 1140 perfectd3
422 1060 473 1117 sed
486 1057 666 1134 puniendum
688 1053 767 1129 certe
789 1054 881 1111 nihilo
903 1052 1009 1111 mimis.
1048 1053 1131 1115 Quo-

135 1145 192 1201 ties
206 1162 262 1219 ego
275 1142 346 1216 ipse,
358 1139 482 1215 judices,
497 1156 533 1194 ex
546 1137 578 1194 P.
601 1135 698 1193 Clodii
722 1134 796 1206 telis,
822 1142 852 1191 et
873 1152 909 1190 ex
929 1132 1057 1190 cruentis
1069 1133 1131 1210 ejus
1145 1135 1181 1190 10

138 1221 285 1290 manibus,
307 1218 414 1295 effugi!
436 1236 472 1274 ex
494 1216 597 1292 quibus
618 1215 643 1272 si
657 1233 706 1272 me
724 1224 783 1271 non
803 1212 848 1289 vel
862 1232 928 1270 mea
941 1212 986 1270 vel
999 1212 1133 1290 reipubli-

140 1320 184 1358 oae
198 1299 314 1357 fortuna
327 1297 476 1368 servisset,
491 1295 555 1370 quis
575 1295 693 1352 tandem
715 1293 752 1351 de
776 1292 895 1350 interitu
917 1311 982 1350 meo
1003 1292 1133 1367 quaestio-

140 1398 209 1438 nem
223 1377 358 1435 tulisset?
450 1438 452 1443 ,

180 1455 269 1515 VIII.
300 1456 359 1514 Sed
386 1453 465 1512 stulti
494 1471 605 1525 sumus,
625 1451 676 1529 qui
701 1450 843 1523 Drusum,
872 1450 922 1525 qui
950 1452 1122 1510 Africanum

139 1535 318 1611 Pompeium,
332 1544 443 1604 nosmet
453 1534 538 1609 ipsos,
553 1552 622 1591 cum
642 1533 674 1590 P.
690 1531 795 1590 Clodio
811 1531 943 1589 conferre
969 1532 1133 1590 audeamus.
1149 1532 1185 1588 15
1279 1580 1281 1590 .

138 1613 317 1672 Tolerabilia
331 1612 446 1670 suerunt
461 1613 527 1670 illa:
549 1613 581 1671 P.
597 1611 694 1671 Clodii
709 1621 831 1669 mortem
844 1629 928 1684 aequo
942 1610 1039 1668 animo
1052 1629 1137 1668 nemo

76 1725 83 1728 ·
137 1694 212 1752 serre
239 1702 339 1770 potest.
381 1691 478 1769 Lug'et
506 1700 640 1749 senatus:
670 1700 773 1748 moeret
800 1700 934 1765 equester
963 1690 1050 1747 ordo:
1078 1699 1138 1747 tota

137 1773 240 1831 civitas
263 1772 398 1830 confecta
420 1771 503 1829 senio
522 1780 584 1829 est:
606 1771 741 1846 squalent
761 1769 939 1846 municipia:
961 1768 1136 1827 afflictantur

138 1853 275 1911 coloniae:
298 1844 359 1929 agri
383 1850 510 1925 denique
531 1849 586 1928 ipsi
606 1861 667 1907 tarn
688 1847 865 1920 beneficum,
888 1857 948 1905 tam
970 1848 1136 1920 salutarem,
1255 1917 1261 1929 Ι

123 1929 198 1990 'tam
224 1942 418 2002 mansuetum,
445 1930 540 1988 civem
567 1929 741 1987 desiderant.
782 1926 852 1986 Non
879 1927 935 1985 suit
954 1947 990 1986 ea
1008 1926 1137 2005 profecti>
1150 1922 1188 1979 2⁰

139 2030 238 2082 causa,
260 2009 385 2086 judices,
407 2029 465 2067 non
487 2009 552 2080 fuit,
567 2028 619 2067 cur
640 2008 697 2066 sibi
721 2016 854 2066 censeret
875 2007 1036 2084 Pompeius
1050 2026 1140 2083 quaes·

139 2089 248 2147 tionem
262 2088 429 2146 ferendam:
451 2088 503 2146 sed
518 2089 605 2147 homo
618 2088 743 2164 sapiens,
758 2097 787 2144 et
802 2087 860 2148 altri
876 2084 920 2179 [et
940 2086 1053 2178 divina]
1070 2087 1140 2163 qud·
1217 2091 1219 2094 ’

93 2166 96 2171 ’
140 2168 208 2225 dam
230 2176 329 2224 mente
351 2166 499 2243 praeditus,
519 2167 616 2225 multa
630 2166 718 2225 vidit:
749 2166 838 2225 fuisse
863 2167 920 2224 srbi
943 2166 1024 2225 illum
1045 2165 1140 2225 inimi·

141 2265 221 2317 cum,
236 2245 409 2304 familiarem
423 2244 573 2304 Milonem.
614 2246 650 2304 In
665 2247 812 2305 communi
832 2246 963 2305 omniurn
983 2245 1094 2318 lotitia,
1114 2244 1140 2303 si

141 2326 231 2383 etiam
255 2324 316 2401 ipse
339 2325 488 2401 gauderet,
513 2326 618 2399 timuit,
633 2346 670 2385 ne
685 2326 829 2388 videretur
843 2326 982 2384 infirmior
1003 2325 1076 2384 fides
1095 2344 1140 2383 re·
1152 2324 1189 2379 25
1218 2327 1221 2332 ’

141 2405 305 2463 conciliatae
319 2404 427 2481 gratiaess
469 2403 565 2462 Multa
578 2406 666 2464 etiam
681 2406 739 2463 alia
751 2406 832 2478 vidit,
847 2406 897 2464 sed
913 2405 984 2464 illud
994 2402 1138 2463 maxime:

140 2484 273 2559 quamvis
288 2484 420 2542 atrociter
435 2484 495 2560 ipse
509 2484 630 2557 tulisset,
645 2504 695 2544 vos
708 2495 806 2543 tamen
826 2485 936 2543 sortiter
947 2485 1137 2561 judicaturos.

140 2562 245 2638 Itaque
269 2563 379 2640 delegit
400 2584 418 2621 e
441 2563 650 2622 florentissimis
672 2564 823 2624 ordinibus
842 2564 904 2641 ipsa
916 2564 1036 2622 lumina.
1077 2563 1138 2622 Ne·

139 2661 196 2717 que
224 2640 291 2700 verb
322 2642 411 2720 (quod
437 2644 568 2702 nonnulli
595 2645 755 2722 dictitant)'
773 2645 905 2716 secrevit,
934 2644 964 2702 in
989 2643 1138 2719 judIcibus

139 2721 282 2798 legendis,
297 2722 406 2780 amicos
419 2742 517 2781 meos:
539 2744 633 2800 neque
646 2724 726 2783 enim
746 2725 802 2782 boc
822 2724 960 2801 cogitavit
979 2724 1022 2782 vir
1040 2723 1138 2800 justis·
1150 2720 1187 2775 30

139 2801 245 2871 simus3
267 2820 372 2876 neque,
397 2802 428 2859 in
452 2804 536 2861 bonis
548 2804 617 2862 viris
640 2804 781 2881 legendis,
796 2804 827 2861 id
849 2804 964 2878 assequi
986 2804 1150 2880 potuisset„

140 2880 255 2938 etiamsi
269 2880 403 2956 cupisset.
445 2880 607 2940 Nonenim
620 2901 687 2940 mea
700 2883 795 2960 gratia
808 2882 1056 2940 familiaritatibus
1070 2902 1138 2940 con·

82 2991 85 2996 <
140 2959 259 3029 tinetur‚
273 2978 336 3033 quae
350 2958 408 3016 late
422 2970 521 3035 patere
534 2980 592 3019 non
605 2972 734 3037 possunt,
753 2971 905 3037 propterea
925 2961 1004 3035 qubd
1018 2981 1139 3021 consue-

141 3038 366 3095 tudinesvictirs
387 3058 446 3095 non
466 3049 585 3114 possunt
608 3060 671 3097 esse
694 3059 761 3097 cunr
783 3040 889 3096 multis.
932 3041 1002 3111 Sed,
1024 3040 1139 3115 siquid

142 3135 305 3191 possumne,
333 3135 369 3172 ex
395 3136 430 3173 eo
455 3136 615 3191 possumus,
637 3116 716 3193 qudd
735 3116 899 3194 respublica
918 3138 971 3176 nos
991 3119 1140 3194 conjunxit
1152 3126 1188 3180 35

144 3213 213 3251 oum
227 3193 328 3251 bonis:
350 3195 505 3268 exquibus
519 3195 567 3253 ille
581 3193 649 3253 cum
668 3197 791 3271 optImos
813 3196 889 3253 viros
911 3196 1031 3273 legeret,
1051 3197 1139 3272 idque

143 3270 271 3329 maxImd
293 3274 329 3329 ad
356 3272 444 3330 fidem
471 3293 554 3334 suam
580 3275 724 3352 pertinere
752 3275 947 3347 arbitraretur,
968 3296 1026 3335 non
1047 3277 1140 3354 potuit

142 3352 241 3429 legere
254 3372 312 3409 non
326 3352 468 3411 studiosos
481 3354 548 3411 mei.

180 3429 274 3492 Quod
288 3429 356 3489 verb
372 3441 411 3503 te,
425 3431 459 3490 L.
474 3429 595 3505 Domiti,
611 3434 682 3494 huic
702 3434 853 3510 questioni
874 3455 997 3512 praesse
1010 3437 1136 3495 maxime
1169 3496 1174 3504 ,

143 3510 240 3580 voluit,
268 3509 339 3567 nihil
364 3512 496 3586 quaesivit
523 3512 611 3584 aliud,
634 3512 691 3571 nisi
712 3514 862 3590 justitiam,
885 3516 1065 3593 gravitatem,
1086 3519 1138 3575 hu·
1151 3522 1187 3577 40

128 3589 321 3662 manitatem,
349 3591 445 3649 fidem.
501 3592 595 3663 Tulit,
622 3603 655 3650 ut
686 3594 867 3652 consularem
894 3615 1014 3655 necesse
1042 3606 1136 3655 esset:

145 3668 241 3738 oredo,
255 3667 333 3742 quod
345 3669 508 3748 principum
522 3691 628 3730 munus
642 3692 706 3731 esse
720 3673 855 3747 ducebat,
870 3674 1004 3735 resistere
1019 3687 1049 3735 et
1069 3675 1139 3734 levi·

72 3813 75 3822 Ι
145 3747 198 3803 tati
211 3748 411 3821 multitudinis,
426 3761 456 3808 et
468 3751 643 3830 perditorum
667 3753 831 3811 temeritati
873 3754 920 3812 Ex
938 3754 1139 3813 consularibus

145 3835 174 3883 te
202 3827 309 3883 creavit
327 3829 526 3903 potissimum:
557 3831 680 3890 dederas
705 3833 795 3903 enirn,
823 3831 911 3906 quim
938 3844 1139 3891 contemneres

143 3904 297 3983 populares
317 3904 453 3981 insanias,
473 3909 534 3986 jam
549 3912 586 3968 ab
600 3911 796 3971 adolescentia
809 3912 986 3970 documenta
1004 3909 1139 3969 maxima.
1153 3918 1189 3972 tt
