2692 4484
165 341 227 400 158
453 336 591 387 oberro
612 336 649 386 IN
673 335 712 385 Μ.
734 335 941 386 summust.

212 488 364 556 etquanta
384 478 592 537 barbariaestl
634 477 763 555 Agmine
784 477 925 553 quadrato
945 497 1013 536 cum
1033 476 1145 555 gladiis
1169 496 1213 536 se·

213 570 340 634 quuntur
353 558 477 616 milites:
505 569 653 616 scutorum
672 556 793 615 lecticas
807 557 913 632 portari
926 557 1066 614 videmus.
1111 557 1212 632 Atque

215 637 260 695 bis
278 637 393 712 quidem
411 636 470 712 jam
492 635 669 707 inveteratis,
683 635 784 693 Patres
804 634 980 711 Conscripti,
993 635 1211 693 cousuetudine

214 716 410 773 obduruimus
452 715 591 773 Calendis
612 714 710 772 Juniis
722 710 791 771 edm
805 713 835 770 in
854 722 987 771 senatum
1002 711 1048 790 (ut
1061 722 1127 770 erat
1141 732 1211 770 con·

183 794 202 846 5
215 792 360 873 stitutum)
374 792 473 850 venire
484 793 632 863 vellemus,
645 801 725 849 metu
735 792 877 868 perterriti
891 789 1011 866 repente
1026 791 1208 869 diffugimus

253 870 296 927 At
306 870 381 941 iste,
403 871 452 946 qui
473 881 577 929 senatu
599 890 658 929 uon
679 879 788 947 egeret,
801 888 896 946 neque
920 870 1095 927 desideravit
1119 889 1210 944 quen·

214 966 310 1022 quam,
324 960 355 1005 et
374 947 470 1023 potius
491 949 619 1005 discessu
642 957 740 1005 nostro
761 946 873 1005 laetatus
892 955 956 1017 est;
988 947 1145 1022 statimque
1159 948 1209 1005 illa

214 1025 358 1083 mirabilia
379 1026 509 1082 facinora
529 1026 635 1082 effecit.
676 1025 739 1087 Qui
761 1025 952 1101 chirographa
965 1025 1092 1082 Caesaris
1106 1026 1209 1082 desen·

214 1102 303 1159 disset
316 1102 389 1159 lucri
403 1103 448 1161 sui
469 1102 568 1173 causti,
582 1104 608 1160 is
627 1103 707 1177 leges
720 1101 854 1171 Caesaris,
875 1121 981 1177 easque
995 1104 1160 1179 praeclaras,
1175 1120 1208 1162 ut

166 1175 201 1230 10
215 1180 423 1256 rempublicam
437 1190 593 1238 concutere
613 1188 719 1255 posset,
732 1180 843 1237 evertit.
884 1179 1048 1238 Numerum
1062 1200 1205 1237 annorum

214 1259 370 1334 provinciis
388 1259 565 1334 prorogarit:
596 1257 740 1332 idemque,
762 1256 830 1315 crim
853 1267 985 1316 actorum
1007 1256 1134 1314 Caesaris
1157 1259 1207 1315 de-

215 1337 311 1394 fensor
324 1355 388 1394 esse
408 1336 536 1407 deberet,
558 1346 588 1393 et
608 1337 638 1393 iu
652 1334 777 1411 publicis
797 1335 871 1394 etin
892 1334 1010 1410 privatis
1030 1336 1117 1392 rebus
1140 1346 1206 1393 acta

215 1414 341 1472 Caesaris
363 1414 489 1472 rescidit
543 1413 580 1472 In
606 1413 732 1490 publicis
755 1414 827 1472 nihil
853 1423 898 1470 est
920 1413 986 1490 lege
1009 1413 1143 1489 gravius;
1174 1416 1205 1471 in

215 1491 332 1569 privatis
358 1492 552 1551 firmissimum
579 1501 624 1550 est
649 1502 862 1550 testamentum.
919 1490 1014 1568 Leges
1042 1491 1113 1548 alias
1140 1492 1206 1550 sine

167 1574 201 1626 15
214 1570 443 1648 promulgatione
456 1571 589 1629 sustulit:
619 1570 690 1628 alias
704 1580 736 1627 ut
755 1572 877 1638 tolleret,
890 1570 1089 1646 promulgarit
1131 1570 1206 1628 Tes-

215 1658 375 1708 tamentum
400 1649 510 1708 irritum
525 1649 610 1719 secit;
639 1648 716 1725 quod
737 1650 825 1708 etiam
839 1648 945 1706 infimis
966 1649 1078 1706 civibus
1091 1667 1206 1725 semper

214 1729 365 1786 obtentum
378 1739 431 1787 est
481 1729 582 1806 Signa,
604 1727 727 1799 tabulas,
741 1747 813 1803 quas
824 1728 929 1803 populo
949 1727 1048 1784 Ctesar
1061 1728 1122 1784 und
1136 1746 1205 1785 cum

215 1806 304 1863 hortis
325 1806 441 1882 legarit,
461 1825 511 1864 eas
532 1807 581 1865 hic
602 1807 707 1883 partim
729 1806 759 1864 iu
774 1808 871 1865 hortos
892 1804 1021 1881 Pompeii
1034 1806 1196 1882 deportarit

214 1882 318 1960 partim
332 1884 362 1941 in
376 1884 473 1942 villam
487 1884 642 1961 Scipionis.

165 1968 202 2022 *λθ
254 1961 370 2020 XLIII.
411 1962 450 2020 Et
459 1963 668 2022 tuinCesaris
679 1966 817 2023 memoria
828 1965 970 2042 diligens‘l
990 1972 1024 2022 tu'
1032 1964 1112 2022 illum
1123 1981 1206 2021 amas

215 2044 382 2099 mortuuml
432 2041 532 2104 Quem
559 2042 584 2099 is
606 2042 745 2119 majorem
768 2046 905 2103 honorem
933 2053 1108 2101 consecutus
1129 2040 1232 2112 erat,'

215 2116 302 2193 qudm
316 2129 348 2177 ut
360 2120 480 2179 haberet
497 2121 639 2197 pulvinar,
653 2122 851 2194 simulacrum,
865 2122 1022 2198 fastigium,
1036 2121 1205 2179 flamineml

216 2194 271 2253 Est
283 2216 352 2275 ergo
366 2198 481 2272 flamen,
492 2212 525 2258 ut
538 2200 614 2271 lori,
625 2212 657 2258 ut
669 2200 769 2273 Marti,
783 2215 816 2261 ut
828 2202 964 2272 Quirino,
979 2202 1023 2259 sic
1035 2199 1110 2258 Divo
1123 2198 1142 2255 J
1144 2199 1206 2256 ulio

216 2270 259 2332 Μ.
281 2276 449 2337 Antoniusl
489 2280 572 2342 Quid
594 2279 682 2357 igitur
703 2284 822 2340 cessasl
853 2301 906 2340 cur
923 2300 984 2345 non
1006 2279 1204 2356 inauguraret

165 2354 201 2408 25
216 2371 298 2411 sume
308 2355 403 2414 diem:
424 2359 500 2429 vide,
521 2358 612 2433 quite
634 2359 796 2436 inauguret
837 2360 964 2437 college
978 2378 1096 2427 sumus;
1117 2357 1216 2415 uerno

216 2433 343 2507 negabit.
383 2433 412 2491 Ο
426 2437 623 2494 detestabilem
645 2438 803 2510 hominem,
817 2439 876 2498 sive
889 2437 966 2514 qudd
978 2437 1095 2514 tyranni
1110 2454 1205 2493 sacer·

216 2506 267 2563 dos
281 2528 322 2579 es,
336 2510 395 2567 sive
408 2511 486 2586 qudd
500 2514 620 2572 mortui!
661 2515 773 2577 Quaero
791 2517 938 2593 deinceps,
952 2535 1033 2587 num,
1047 2515 1205 2573 hodiernus

215 2583 278 2640 dies
290 2587 340 2659 qui
353 2587 400 2658 sit,
414 2588 552 2664 ignoresl
583 2593 681 2650 nescis
700 2593 763 2651 heri
777 2606 908 2670 quartum
923 2595 952 2651 in
967 2594 1056 2651 Circo
1069 2591 1146 2649 diem
1159 2594 1204 2650 lu·

215 2660 318 2748 dorum
338 2662 538 2726 Romanorum
562 2669 669 2727 fuisset
702 2682 733 2746 vte
758 2673 851 2745 ipsum
878 2688 974 2728 autem
1002 2671 1038 2728 ad
1065 2671 1203 2746 populum

165 2740 201 2794 30
215 2737 324 2810 tulisse,
338 2751 371 2797 ut
390 2744 508 2818 quintus
525 2757 665 2821 praeterea
687 2748 751 2806 dies
764 2749 874 2807 Caesari
897 2749 1091 2807 tribuereturl
1140 2749 1203 2807 Cur

215 2835 274 2874 non
288 2836 387 2906 sumus
400 2825 579 2897 pretextatil
601 2843 653 2882 cur
666 2825 815 2899 bonorem,
829 2827 939 2884 Gaesari
952 2827 1003 2884 tub
1016 2827 1081 2903 lege
1091 2827 1202 2898 datum,

215 2896 316 2985 desert·
331 2899 474 2973 patimurl
522 2902 571 2959 Au
593 2902 829 2979 supplicatIones,
850 2906 983 2963 addendo
1002 2906 1090 2977 diem,
1105 2915 1203 2964 conta·

215 2991 318 3031 mruarr
331 2995 433 3051 pessus
446 2998 493 3050 es;
514 2980 676 3055 pulvinaria
694 2982 834 3041 noluisti?
874 2985 937 3042 Aut
949 2984 1076 3059 undique
1089 2984 1203 3060 religio·

214 3070 281 3109 nem
296 3054 372 3127 tolle,
387 3066 437 3115 aut
450 3077 651 3135 usquequaque
664 3079 812 3119 conserva.

164 3139 201 3194 35
252 3131 387 3206 Quaeres,
400 3136 552 3212 placeatne
562 3138 633 3196 mihi
643 3139 775 3215 pulvinar
785 3160 858 3212 esse,
873 3141 1030 3218 fastigium,
1045 3141 1199 3199 flaminem.

214 3208 291 3269 Mihi
311 3210 378 3271 verb
400 3214 473 3273 nihil
493 3216 611 3274 istorum
632 3219 736 3294 placet
778 3220 837 3286 Sed
859 3230 901 3291 tu,
920 3221 970 3296 qui
991 3231 1057 3278 acta
1078 3217 1202 3278 Caesaris

116 3333 118 3336 .
214 3287 356 3377 delendis,
366 3292 435 3367 quid
448 3304 529 3369 potes
543 3295 650 3368 dicere,
661 3316 715 3379 cur
729 3298 785 3356 alia
794 3298 944 3366 defendo,
956 3299 1013 3357 alia
1023 3318 1082 3356 non
1093 3298 1199 3356 cures?

214 3382 271 3420 urst
285 3367 357 3425 forte
371 3371 414 3426 ris
427 3370 519 3443 fateri,
534 3383 562 3430 te
580 3376 678 3433 omnia
691 3387 800 3451 quaestu
813 3386 872 3448 tuo,
887 3396 947 3435 non
961 3378 1037 3435 illius
1050 3376 1200 3456 dignitate,

214 3443 317 3499 metiri.
357 3446 438 3508 Quid
455 3449 491 3506 ad
513 3451 576 3509 baec
597 3453 736 3511 tandeml
765 3465 902 3532 exspecto
915 3457 994 3514 enim
1007 3454 1201 3530 eloquentiam

163 3515 200 3569 ⁴¹⁰
214 3526 301 3607 ittam.
330 3521 570 3613 ,Disertissimum
584 3531 706 3605 cognovi
718 3549 802 3591 arum
815 3544 915 3593 tuum:
937 3545 966 3592 at
977 3545 1005 3591 te
1018 3533 1104 3591 etiam
1119 3550 1202 3607 aper·

213 3605 315 3654 trorem
328 3619 358 3657 m
378 3602 513 3690 dicendo.
547 3606 616 3687 ,Ille
637 3627 784 3684 uunquam
806 3614 903 3671 nudus
926 3623 971 3671 est
991 3611 1200 3670 concionatus:

214 3683 294 3732 tuum
308 3678 433 3736 hominis
452 3681 590 3757 simplicis
610 3697 712 3761 pectus
726 3689 858 3749 vidimus.
901 3689 1141 3765 Respondebisne
1163 3689 1201 3745 ad

213 3753 296 3813 haecl
317 3766 367 3814 aut
379 3758 497 3817 omnino
508 3761 620 3822 hiscere
635 3766 775 3826 audebisl
816 3770 930 3844 Ecquid
943 3768 1079 3845 reperies,
1091 3785 1128 3825 ex
1141 3776 1202 3823 tarn

212 3831 300 3911 longi
312 3836 440 3927 oratione
454 3838 530 3912 meti,
545 3841 593 3901 cui
606 3853 635 3903 te
655 3848 829 3922 respondere
852 3866 936 3923 posse
949 3846 1100 3906 confidasl
1141 3844 1203 3903 Sed

162 3916 198 3969 45
213 3923 356 3983 pretenta
368 3925 541 3975 omittamus.
