2692 4484
165 330 206 390 82
427 322 564 373 ORATIO
586 322 657 372 PRO
678 321 778 372 REGE
800 320 996 373 DEIOTARO.

253 468 387 547 Ignosce,
401 465 530 544 ignosce,
543 465 652 536 Cesar,
667 464 693 522 si
715 464 777 540 ejus
800 464 853 522 viri
865 465 1037 524 auctoritati
1052 486 1102 525 rex
1115 466 1204 528 Deio·

214 557 293 606 tarus
316 546 412 616 cessit,
426 542 512 620 quein
534 563 587 603 nos
609 562 709 601 ornnes
727 544 820 602 secuti
839 562 954 601 sumus:
976 545 1006 602 in
1026 556 1111 621 quem
1133 545 1204 606 cinn

215 626 265 684 Dii
289 635 373 701 atque
396 624 526 681 homiues
546 621 643 680 omnia
664 620 832 680 ornamenta
845 623 1065 698 congessissent,
1087 635 1149 682 turn
1170 637 1203 684 tu

215 706 275 782 ipse
293 704 417 780 plurima
436 711 466 759 et
491 701 624 759 maxima.
665 699 770 774 Neque
797 701 884 768 enim,
912 700 937 757 si
963 711 1020 759 tuae
1046 722 1093 760 res
1112 716 1203 781 gestae

182 788 384 842 5caeterorum
409 780 544 837 laudibus
575 779 780 837 obscuritatem
814 779 980 850 attulerunt,
1008 780 1117 840 idcirco
1143 784 1201 842 On.

99 848 110 867 ’
214 860 343 937 Pompeii
363 857 530 917 memoriam
551 857 707 915 amisimus.
747 857 899 918 Quantum
913 859 1090 934 nomenejus
1104 860 1201 932 fuerit,

214 950 328 1015 quantae
341 958 418 1014 opes,
432 946 540 1012 quanta
561 936 592 994 in
612 936 692 993 omni
705 945 811 1011 genere
832 935 972 993 bellorum
985 936 1085 1012 gloria,
1100 941 1200 1012 quanti

214 1019 336 1079 honores
347 1015 443 1092 populi
453 1014 591 1087 Romani,
605 1014 704 1091 quanti
718 1013 843 1083 senatus,
857 1014 957 1088 quanti
978 1016 1030 1085 tui,
1045 1016 1108 1091 quis
1122 1017 1203 1092 igno-'

215 1097 279 1155 rati
320 1095 418 1153 Tanto
437 1093 486 1155 illa
499 1093 658 1169 superiores
670 1092 780 1149 vicerat
792 1091 893 1168 glorii,
903 1103 1009 1168 quanto
1022 1104 1054 1150 tu
1067 1096 1202 1154 omnibus
1299 1104 1301 1111 '

169 1176 201 1228 10
213 1173 376 1252 prestitisti.
417 1171 520 1247 Itaque
541 1171 595 1228 Cn.
610 1169 739 1246 Pompeii
760 1170 846 1242 bella,
869 1170 1012 1241 victorias,
1032 1172 1199 1248 triumphos,

215 1253 389 1322 consulatus,
412 1251 586 1308 admirantes
606 1249 844 1319 numerabamus3
865 1257 930 1306 tuos
953 1269 1120 1308 enumerare
1140 1271 1198 1309 non

213 1350 371 1409 possumus.

253 1411 291 1468 V.
325 1410 453 1466 Adsum
468 1408 555 1487 igitur
575 1427 626 1466 rex
649 1408 803 1466 Deiotarus
820 1409 908 1480 venit,
923 1410 978 1467 hoc
992 1410 1096 1468 misero
1109 1408 1200 1466 fatali-

214 1508 270 1564 que
284 1488 368 1558 bello,
382 1505 468 1563 quem
492 1497 577 1544 antea
594 1487 679 1561 justis
701 1487 907 1562 hostilibusque
928 1487 1012 1545 bellis
1035 1489 1197 1564 adjuverat;
1246 1494 1249 1497 ’

168 1578 200 1631 15
215 1586 338 1641 quocum
352 1575 413 1623 erat
426 1585 484 1623 non
505 1564 626 1640 hospitio
649 1563 865 1636 solimanum
887 1566 974 1623 etiam
995 1565 1197 1637 familiaritate,

214 1646 400 1721 conjunctus3
421 1653 450 1701 et
472 1643 551 1699 veuit
564 1643 609 1699 vel
630 1654 756 1720 rogatus,
770 1653 803 1700 ut
824 1644 950 1714 amicus3
971 1644 1015 1701 vel
1037 1645 1200 1716 arcessitus,

214 1734 247 1780 ut
260 1724 370 1792 socius3
392 1723 436 1780 vel
459 1732 604 1791 evocatus,
626 1732 658 1779 ut
679 1722 767 1795 isqui
787 1723 901 1779 senatui
919 1741 1020 1798 parere
1034 1723 1198 1779 didicisset:

213 1799 356 1877 postremd
370 1801 459 1870 venit,
473 1809 506 1857 ut
519 1800 556 1856 ad
574 1799 743 1875 fugientem,
757 1819 814 1857 non
836 1809 868 1856 ut
891 1799 927 1856 ad
942 1801 1154 1875 insequentem,
1169 1801 1198 1857 id
1219 1821 1221 1824 ·

143 1878 158 1891 “
184 1908 189 1915 ·
214 1889 267 1950 est,
283 1880 319 1936 ad
331 1878 462 1954 periculi,
476 1897 534 1935 non
556 1877 592 1934 ad
605 1877 744 1948 victoriae,
767 1877 961 1945 societatem„
985 1878 1097 1954 Itaque,
1111 1879 1199 1936 Phar·
1301 1917 1304 1922 -

164 1965 200 2018 20
214 1957 304 2016 salico
316 1956 417 2034 proelio
431 1957 516 2027 facto,
532 1975 549 2012 a
563 1955 699 2030 Pompeio
718 1956 869 2013 discessit:
890 1974 969 2031 spem
982 1956 1124 2014 infinitam
1137 1974 1199 2033 per·

214 2036 294 2112 sequi
307 2035 415 2095 noluit:
436 2035 480 2092 vel
493 2034 598 2102 officio,
612 2033 637 2090 si
659 2033 728 2108 quid
751 2035 898 2105 debuerat,
913 2034 955 2090 vel
977 2034 1074 2104 errori,
1089 2035 1114 2091 si
1129 2036 1198 2109 quid

185 2150 191 2159 ·
213 2115 368 2185 nescierat,
383 2113 562 2171 satisfactum
576 2131 639 2170 esse
653 2111 750 2169 duxit:
772 2113 887 2170 domum
901 2131 932 2169 se
953 2112 1073 2169 contulit
1082 2130 1089 2169 :
1099 2122 1197 2186 ⁴teque

213 2192 442 2251 Alexandrinum
465 2190 573 2248 bellum
594 2201 723 2267 gerente,
738 2190 910 2249 utilitatibus
930 2190 986 2247 tuis
998 2188 1101 2266 paruit.
1141 2190 1197 2248 Ille

212 2268 377 2329 exercitum
394 2270 449 2327 Cn.
472 2269 602 2340 Domitii,
625 2269 792 2346 amplissimi
814 2269 878 2340 riri,
892 2269 952 2326 suis
968 2269 1053 2326 tectis
1066 2279 1096 2327 et
1109 2270 1197 2346 copiis

163 2355 198 2407 25
212 2350 399 2408 sustentavit:
421 2347 469 2405 ille
490 2347 637 2423 Ephesum
662 2348 700 2404 ad
722 2367 799 2418 eum,
824 2367 908 2423 quem
931 2358 963 2404 tu
976 2367 1012 2404 ex
1024 2347 1082 2405 tuis
1095 2348 1198 2406 fidelis·
1220 2346 1222 2348 ’

212 2428 316 2484 simum
330 2437 360 2483 et
372 2424 604 2501 probatissimum
621 2425 759 2484 omnibus¹
778 2425 920 2502 delegisti,
934 2425 1087 2501 pecuniam
1101 2427 1195 2484 misit:

212 2505 261 2561 ille
275 2505 388 2573 iterum,
403 2501 452 2560 ille
464 2501 560 2572 tertii),
576 2502 758 2560 auctionibus
772 2504 865 2574 sactis,
878 2504 1032 2580 pecuniam
1042 2505 1131 2576 dedit,
1140 2505 1196 2579 qui

212 2582 248 2640 ad
263 2581 369 2639 bellum
382 2579 520 2638 utereris:
542 2581 591 2638 ille
606 2600 709 2657 corpus
723 2600 807 2639 suum
820 2581 948 2658 periculo
960 2582 1076 2658 objecit,
1090 2594 1197 2642 tecum-

212 2660 318 2735 quein
343 2660 406 2717 acie
428 2667 528 2716 contra
551 2659 730 2717 Pharnacem
755 2660 826 2729 fuit;
848 2670 985 2736 tuumque
1005 2662 1115 2720 hostem
1134 2681 1197 2720 esse

162 2741 198 2795 30
212 2739 293 2796 duxit
306 2756 398 2795 suum.
438 2738 517 2799 Qua
530 2738 647 2813 quidem
668 2757 686 2795 a
698 2748 727 2796 te
741 2738 771 2799 in
785 2749 973 2815 campartem
988 2750 1107 2817 accepta
1120 2750 1195 2810 sunt,

212 2816 267 2874 Gai
280 2816 390 2886 Caesar,
404 2825 436 2872 ut
446 2834 513 2873 eurn
536 2816 710 2892 amplissimo
729 2817 806 2897 regis
828 2818 935 2877 honore
958 2828 987 2875 et
999 2821 1116 2878 nomine
1129 2818 1196 2876 affe·
1290 2848 1298 2855 ·

212 2915 294 2954 cerrs.

251 2972 282 3033 Is
295 2973 392 3050 igitur,
406 2994 463 3033 non
477 2972 562 3032 modd
578 2984 636 3031 ate
656 2976 785 3051 periculo
807 2976 955 3049 liberatus,
970 2978 1021 3035 sed
1042 2978 1128 3036 etiam
1148 2976 1196 3032 ho·

211 3073 280 3112 nore
303 3053 476 3130 amplissimo
497 3062 624 3124 ornatus,
650 3055 778 3129 arguitur
799 3056 876 3112 domi
904 3064 932 3114 te
955 3075 1015 3113 sue
1035 3055 1195 3113 interficere

162 3135 197 3189 35
212 3133 350 3191 voluisse:
371 3133 447 3208 quod
460 3142 501 3202 tu,
515 3130 571 3188 nisi
595 3150 661 3189 eum
684 3132 901 3191 furiosissimum
920 3134 1044 3209 judicas,
1058 3132 1210 3209 suspicari

210 3211 337 3286 profecti)
352 3232 409 3270 non
428 3221 515 3287 potes.
556 3209 595 3267 Ut
619 3211 697 3268 enim
717 3211 857 3282 omittam,
882 3213 963 3287 cujus
984 3213 1057 3270 tanti
1081 3209 1196 3270 sceleris

212 3290 306 3359 fuerit,
321 3290 351 3346 in
365 3297 520 3365 conspectu
534 3287 661 3346 Deorum
682 3290 829 3364 penatium
852 3291 1127 3365 necare'hospitem3
1148 3308 1197 3346 cu·

209 3370 355 3438 Jus'tantae
378 3365 609 3442 importunitatis,
622 3366 752 3422 omnium
774 3366 904 3440 gentium
927 3377 1013 3438 atque
1026 3370 1119 3425 omnis
1139 3385 1199 3422 me·
1257 3420 1262 3428 ,

211 3441 307 3499 moriae
322 3443 513 3499 clarissimum
522 3443 620 3501 lumen
629 3443 811 3517 exstinguere
819 3461 827 3508 3
842 3443 1019 3516 cujustantae
1030 3442 1197 3514 ferocitatis,

163 3524 196 3576 10
211 3519 348 3577 victorem
360 3520 437 3577 orbis
459 3530 600 3579 terrarum
621 3540 679 3578 non
702 3518 905 3586 extimescere;
926 3517 1010 3592 cujus
1030 3527 1090 3574 tam
1114 3519 1198 3577 inhu-

167 3582 289 3701 ximani
309 3606 339 3654 et
351 3597 456 3673 ingrati
480 3598 612 3668 animi,a
632 3616 689 3672 quo
702 3615 752 3653 rex
775 3594 931 3670 appellatus
954 3605 1040 3666 esset,
1055 3596 1085 3653 in
1107 3616 1142 3654 eo
1155 3607 1197 3671 ty·

210 3694 333 3733 reanum
354 3674 493 3733 inveniri:
515 3686 546 3732 ut
567 3676 630 3732 haec
651 3673 791 3743 omittam,
806 3671 888 3748 cujus
910 3673 984 3731 tanti
1009 3674 1112 3732 furoris
1131 3675 1194 3745 fuit,
1267 3745 1274 3755 Ι

210 3772 309 3811 omnes
322 3772 415 3829 reges,
430 3773 549 3829 quorum
563 3751 646 3809 multi
668 3761 750 3808 erant
770 3752 894 3824 finitimi,
908 3770 1011 3812 omues
1024 3754 1130 3812 liberos
1148 3752 1196 3829 po·

209 3832 300 3909 pulos,
317 3836 417 3891 omnes
440 3832 541 3903 socios,
563 3849 663 3888 omnes
683 3830 853 3907 provincias,
875 3834 973 3893 omnia
994 3835 1118 3911 denique
1138 3851 1196 3891 om·
