2692 4484
140 320 197 380 us
452 312 589 364 onemo
610 312 649 363 m
667 312 707 363 rr.
723 311 926 370 euronium.

185 477 266 517 must
285 456 355 533 quid
368 455 446 515 enim
459 465 504 513 est
518 456 596 514 aliud
618 454 785 513 Antoniusl
825 453 914 525 Nam,
927 453 952 511 si
972 453 1104 531 dignitas
1125 454 1184 532 sig-

185 538 353 596 nificaremr
377 535 407 592 in
428 534 556 606 nomine,
571 534 691 591 dixisset
714 533 832 613 (credo)
846 533 998 608 aliquando
1020 552 1093 591 avus
1116 543 1185 592 tuus

185 635 218 676 se
231 623 290 673 “et
302 613 451 672 consulem
471 622 501 671 et
520 612 712 671 Antonium.”
752 611 911 687 Nunquam
925 610 1006 670 dixit.
1048 611 1184 670 Dixisset

185 694 274 753 etiam
287 692 400 769 collega
418 710 510 764 meus,
523 703 642 768 patruus
655 701 739 749 tuus:
760 690 817 749 nisi
831 702 862 749 tu
875 690 954 748 solus
972 709 1005 748 es
1017 691 1182 749 Antonius.

153 772 246 832 bsed
264 771 366 831 omitto
385 789 420 828 ea
439 780 572 847 peccata,
591 788 656 846 que
678 788 737 828 non
757 779 825 828 sunt
843 788 943 827 earum
963 768 1090 845 partium
1118 789 1185 846 pro-

184 850 257 927 pria,
270 849 375 926 quibus
393 859 425 907 tu
445 849 654 925 rempublicam
675 848 829 906 vexavisti:
850 849 886 905 ad
901 848 978 925 ipsas
997 857 1063 905 tuas
1081 858 1182 924 partes

184 929 282 1000 redeo,
296 928 326 986 id
339 937 393 1000 est,
408 927 445 985 ad
459 928 544 986 civile
564 927 691 998 bellum3
711 927 787 1004 quod
808 938 919 998 natum,
934 925 1104 999 conflatum,
1120 948 1182 985 sus·

185 1017 312 1083 ceptum,
325 1005 414 1083 operi
427 1006 478 1064 tud
490 1017 543 1064 est
1329 993 1333 1064 l

224 1085 344 1144 XXIX.
385 1085 447 1143 Cur
473 1085 501 1142 ei
528 1084 603 1142 bello
631 1080 706 1161 [tum
733 1095 848 1160 propter
874 1083 1057 1141 timiditatem
1084 1093 1166 1142 tuam

138 1167 171 1222 to
185 1174 247 1223 tum
267 1174 382 1241 propter
402 1164 562 1243 libidines‚]
585 1161 723 1220 deluistil
763 1163 904 1221 Gustdras
925 1162 1039 1220 civilem
1061 1163 1179 1240 sangui·

186 1262 264 1314 nem,
279 1244 323 1301 rel
336 1241 433 1320 potius
445 1243 651 1300 exsorbneras:
673 1241 769 1299 lucras
782 1241 813 1299 in
828 1241 892 1300 acie
911 1241 1081 1299 Pharsalica
1097 1253 1179 1299 ante·

186 1323 345 1399 signanus:
365 1321 400 1380 L.
414 1321 585 1391 Domitium,
599 1319 810 1378 nobilissimum
823 1329 854 1378 et
867 1319 1058 1378 clarissimum
1073 1320 1177 1393 virum,
1243 1386 1245 1389 y

185 1400 354 1459 occideras:
374 1400 489 1472 multos,
503 1399 552 1476 qui
572 1399 609 1457 de
629 1399 729 1475 proelio
749 1398 920 1475 effugerant,
935 1418 1006 1475 quos
1019 1399 1131 1470 Caesar,
1146 1410 1178 1457 ut

186 1479 350 1552 nonnullos,
372 1479 491 1538 sonasse
512 1477 662 1550 servdsset,
678 1477 876 1535 crudelissime
899 1487 1069 1554 persecutus
1088 1479 1177 1536 truci·

137 1556 173 1612 15
186 1558 280 1616 diras.
321 1557 439 1621 Quibus
452 1556 538 1615 rebus
551 1557 649 1628 tantis,
662 1556 778 1628 talibus,
792 1556 891 1634 gestis,
905 1556 974 1631 quid
994 1555 1049 1615 fuit
1069 1576 1175 1629 causas,

186 1655 239 1696 cur
266 1637 297 1695 in
322 1627 454 1696 Africam
475 1636 621 1695 cesarem
646 1654 706 1693 non
733 1654 896 1711 sequerere,
923 1632 992 1693 edm
1018 1636 1176 1711 presertim

186 1715 255 1774 belli
268 1734 335 1792 pars
354 1725 435 1775 tanta
455 1715 597 1773 restaretl
638 1713 753 1790 Itaque,
767 1733 853 1789 quem
873 1714 970 1772 loourn
992 1715 1067 1790 apud
1082 1714 1176 1791 ipsum

115 1791 118 1797 ’
186 1794 342 1865 Caesarem,
356 1804 421 1870 post
440 1793 504 1870 ejus
524 1812 561 1851 er
581 1791 686 1851 Africa
706 1791 840 1864 reditum,'
852 1792 1027 1852 obtinuistil
1047 1813 1104 1869 quo
1124 1813 1177 1852 nu·

185 1890 266 1930 mero
279 1871 378 1931 fuistil
418 1871 512 1947 Cujus
524 1881 555 1930 tn
576 1871 756 1948 imperatoris
769 1882 891 1947 quaestor
905 1872 1013 1943 fueras,
1027 1872 1176 1930 dictatoris

136 1960 173 2015 w
186 1951 321 2028 magister
340 1950 479 2027 equitum,
498 1950 567 2007 belli
585 1950 730 2027 princeps,
744 1951 924 2009 crudelitatis
947 1961 1057 2021 auctor,
1071 1952 1176 2027 preda

186 2030 292 2105 socius,
314 2041 486 2089 testamento
507 2028 554 2108 (ut
575 2029 636 2106 ipse
656 2029 789 2108 dicebas)
805 2030 890 2102 lilius,
905 2029 1063 2106 appellatus
1085 2049 1117 2087 es
1138 2030 1177 2088 de

185 2109 321 2187 pecuum,
334 2128 421 2186 quam
433 2128 485 2186 pro
498 2109 594 2181 domo,
607 2127 659 2185 pro
672 2108 772 2179 bortis,
785 2128 837 2185 pro
850 2108 991 2180 sectione,
1005 2108 1140 2166 debebas.

226 2187 323 2247 Primd
347 2187 521 2265 respondisti
546 2186 633 2265 plane
654 2187 805 2246 ferociter:
840 2198 869 2245 et
891 2185 942 2265 (ne
962 2188 1060 2246 omnia
1078 2187 1177 2245 videar

142 2337 146 2346 ⁸
189 2276 291 2337 contra
313 2268 356 2346 te)
378 2266 584 2346 propemodum
598 2284 681 2343 aequa
699 2276 729 2325 et
759 2266 832 2325 'usta
852 2266 980 2325 dicebas.
1021 2267 1050 2325 A
1071 2284 1118 2323 me
1138 2266 1174 2324 Ο.

136 2347 172 2404 25
189 2345 288 2405 Cesar
311 2347 487 2423 pecuniaml
518 2366 571 2406 cur
593 2343 699 2423 potiris,
713 2287 800 2422 qudm
814 2364 870 2423 ego
883 2345 920 2404 ab
944 2345 1013 2405 illel
1053 2346 1104 2403 An
1127 2345 1183 2403 ille

189 2424 253 2482 sine
274 2444 321 2483 me
342 2426 434 2483 vicitl
455 2435 484 2484 at
506 2445 543 2484 ne
568 2424 661 2502 potuit
682 2425 808 2500 quidem.
849 2425 913 2502 Ego
940 2424 977 2483 ad
1001 2424 1082 2483 illum
1109 2424 1177 2482 belli

189 2502 282 2561 civilis
312 2521 431 2561 causam
458 2504 552 2562 attuli:
582 2522 638 2580 ego
663 2503 743 2580 leges
769 2503 946 2581 perniciosas
970 2503 1088 2580 rogari:
1121 2522 1177 2580 ego

190 2598 269 2639 arma
283 2589 385 2639 contra
397 2582 531 2642 consules
548 2582 791 2660 imperatoresque
804 2582 901 2659 populi
922 2582 1061 2655 Romani,
1076 2592 1178 2641 contra

188 2668 320 2716 senatum
339 2659 533 2736 populumque
554 2661 733 2733 Romanum,
748 2673 850 2721 contra
869 2662 948 2720 Deos
970 2662 1087 2738 patrios,
1101 2680 1179 2719 aras·

135 2753 171 2810 30
188 2755 245 2813 qus
271 2747 301 2795 et
327 2738 416 2806 socos,
431 2748 533 2798 eontra
559 2741 692 2817 patriam,
713 2741 775 2799 tuli.
817 2740 897 2799 Num
923 2739 979 2798 sibi
1005 2740 1058 2799 soli
1085 2740 1178 2798 vicit?

187 2816 322 2879 Quorum
347 2817 461 2876 facinus
481 2828 525 2876 est
548 2838 712 2892 commune,
727 2839 779 2877 cur
806 2839 865 2878 non
892 2819 929 2877 sit
954 2838 1055 2878 eorum
1080 2819 1179 2895 prada

188 2895 371 2956 communisl
412 2896 467 2955 Jus
489 2897 672 2974 postulabas:
694 2900 745 2957 sed
769 2898 838 2975 quid
866 2899 902 2957 ad
929 2899 1011 2957 reml
1037 2898 1102 2975 plus
1128 2898 1178 2955 ille

188 2983 308 3053 poterat.

228 3053 340 3132 Itaque,
354 3054 554 3114 excussistuis
566 3056 697 3128 vocibus,
709 3066 741 3114 et
764 3056 801 3115 ad
822 3065 851 3114 te
869 3066 899 3115 et
923 3057 959 3114 ad
978 3055 1089 3132 predes
1102 3064 1177 3127 tuos,

135 3146 171 3201 35
189 3134 294 3194 milites
308 3135 386 3196 misit
397 3155 405 3206 3
426 3133 505 3207 cum,
518 3135 639 3213 repente
655 3156 672 3195 a
685 3146 713 3193 te
726 3134 866 3213 preclari
879 3134 929 3193 ills
942 3135 1042 3193 tabula
1055 3132 1176 3211 prolata,

188 3214 238 3291 qui
257 3215 331 3274 risus
351 3214 517 3275 hominum!
546 3224 656 3274 tantam
670 3234 733 3273 esse
747 3214 891 3274 tabulam!
919 3224 979 3271 tam
999 3214 1103 3284 varias,
1117 3222 1178 3270 tam

189 3293 294 3352 multas
314 3294 518 3370 possessiones,
532 3313 570 3353 ex
590 3295 694 3371 quibus
715 3304 817 3371 praeter
840 3302 951 3370 partem
973 3291 1091 3363 Miseni,
1105 3290 1177 3348 nihil

188 3379 260 3441 erat,
273 3372 350 3445 quod
364 3372 399 3443 is,
413 3373 462 3447 qui
476 3373 700 3446 auctionaretur,
713 3383 810 3450 posset
822 3392 908 3431 suum
921 3372 1028 3430 dicere.
1056 3370 1179 3428 Auctio·

188 3446 234 3503 nis
252 3446 322 3510 ¹rerd
342 3449 515 3509 miserabilis
536 3451 707 3527 adspectus:
739 3454 825 3511 vestis
845 3451 977 3527 Pompeii
996 3469 1055 3509 non
1075 3448 1177 3520 multa,

108 3572 111 3579 .
135 3536 172 3592 4ο
188 3542 279 3599 eaque
301 3527 468 3597 maculosa;
502 3528 632 3604 ejusdem
652 3531 785 3605 quaedam
807 3529 946 3608 argentea
963 3549 1034 3588 rasa
1060 3528 1177 3597 collisa3

188 3603 303 3661 sordida
316 3604 481 3678 mancipie3
503 3616 535 3663 ut
555 3607 717 3665 doleremus
730 3611 886 3687 quidquam
901 3628 964 3667 esse
978 3628 1015 3667 ex
1035 3608 1091 3665 illis
1115 3606 1180 3665 reli·

188 3681 272 3758 quiis‚
286 3682 362 3758 quod
376 3681 473 3740 videre
487 3703 644 3760 possemus.

229 3760 318 3820 Hauc
337 3771 434 3820 tamen
457 3762 621 3822 auctionem
642 3764 771 3823 haeredes
791 3765 826 3824 L.
845 3765 962 3837 Rubrii,
977 3766 1096 3823 decreto
1116 3763 1181 3821 Cre·

189 3841 272 3915 saris,
285 3841 501 3919 prohibuerunt.
543 3842 681 3902 Herebat
702 3845 827 3904 nebulo:
848 3843 905 3921 qud
920 3864 953 3904 se
966 3853 1100 3916 verteret,
1120 3843 1181 3903 uon'
1296 3865 1302 3878 ¹
