2692 4484
406 291 544 343 ORATIO
566 291 605 342 IN
627 290 666 340 Μ.
687 288 893 340 ausonium.
1127 290 1183 349 137
1343 249 1344 252 ¹

147 438 218 497 facti
237 448 267 496 et
284 437 485 514 probatorem?
509 444 560 494 aut
577 435 646 512 quid
666 433 764 502 refert,
785 429 883 492 utrbm
902 431 1042 491 voluerim
1061 430 1135 505 lieri,
1233 457 1236 460 ¹

147 536 185 575 au
212 517 352 595 gaudeam
372 516 503 575 factumi
537 514 648 589 Ecquis
667 522 712 571 est
732 512 829 589 igitur,
849 524 879 570 te
899 521 1029 587 excepto,
1050 519 1081 568 et
1100 511 1136 568 iis

146 597 197 671 qui
216 597 296 654 illum
315 614 437 674 regnare
458 594 634 672 gaudebant,
648 592 699 668 qui
712 591 783 649 illud
798 601 847 649 aut
860 591 922 650 fieri
936 589 1071 661 noluerit,
1087 599 1136 647 aut

146 676 254 734 Iactum
267 674 454 751 improbriritl
474 692 574 732 omnes
587 691 657 749 ergo
670 671 701 728 in
715 670 817 747 culpi:
838 671 945 729 etenim
955 689 1056 727 omnes
1067 668 1136 727 boni

146 753 298 832 (quantum
325 754 356 811 in
376 753 447 830 ipsis
467 752 534 831 fuit)
556 750 703 808 Caesarem
722 750 900 808 occiderunt.
942 748 1017 806 Aliis
1041 748 1135 806 consi·
1169 748 1207 801 5·

143 833 225 905 lium,
241 833 305 891 aliis
319 831 443 904 animus,
458 831 523 889 aliis
535 830 661 900 occasio,
676 828 785 898 desuit3
805 828 936 886 voluntas
948 828 1066 886 nemini.

184 913 244 971 Sed
258 922 403 989 stuporem
417 909 552 980 hominis,
566 907 611 965 vel
632 908 729 965 dicam
747 908 878 984 pecudis,
893 907 1039 965 attendite.
1081 907 1134 965 Sic

143 991 223 1049 enim
237 991 327 1049 dixit:
348 997 367 1023 “
380 988 423 1047 M.
438 988 555 1059 Brutus,
570 984 670 1064 (quem
691 1005 745 1063 ego
764 986 879 1044 honoris
899 986 989 1043 causti
1001 986 1131 1066 nomino)

145 1080 299 1128 cruentum
318 1068 474 1145 pugionem
493 1076 606 1136 tenens,
622 1065 795 1123 Ciceronem
813 1064 1004 1123 exclamavit:
1024 1083 1060 1122 ex
1077 1084 1135 1141 quo
1222 1129 1226 1135 Δ

117 1175 119 1177 ·
146 1147 270 1224 intelligi
288 1147 466 1218 debetcum
485 1143 636 1203 conscium
655 1144 772 1202 fuisse.’'
806 1143 885 1221 Ergo
904 1162 960 1220 ego
979 1143 1134 1212 sceleratus
1153 1138 1186 1192 1⁰

148 1226 273 1302 appellor
295 1245 313 1283 a
332 1235 371 1297 te,
392 1243 479 1300 quem
498 1234 529 1282 tu
550 1223 726 1300 suspIcatum
748 1222 855 1298 aliquid
875 1222 1047 1298 suspicaris:
1075 1223 1133 1295 ille,

148 1305 198 1380 qui
219 1304 372 1363 stillantem
391 1323 450 1380 pre
469 1323 500 1362 se
518 1303 673 1380 pugionem
693 1301 768 1374 tulit,
783 1301 808 1359 is
829 1320 846 1359 a
864 1312 894 1360 te
914 1301 1028 1360 honoris
1045 1303 1134 1360 causi

149 1383 335 1441 nominaturl
367 1382 455 1440 Esto:
475 1382 513 1440 sit
533 1382 563 1439 in
583 1381 677 1450 verbis
697 1380 755 1439 tuis
775 1380 824 1438 hic
844 1391 958 1456 stupor:
979 1392 1084 1456 quanm
1104 1383 1134 1440 in

147 1462 235 1519 rebus
255 1461 460 1536 sententiisque
479 1460 587 1537 major!
618 1459 771 1519 Constitue
792 1460 857 1531 hoc,
878 1460 989 1531 consul,
1009 1460 1135 1537 aliquan·

147 1540 201 1611 do;
232 1537 395 1613 Brutorum,
422 1540 456 1598 Ο.
478 1539 584 1612 Cassii,
605 1539 661 1598 Cn.
683 1538 815 1611 Domitii,
836 1538 871 1596 Ο.
893 1538 1044 1612 TreboniI,
1071 1539 1186 1599 reli-15

146 1638 276 1695 quorum,
291 1639 378 1696 quam
391 1620 462 1678 velis
474 1639 539 1678 esse
552 1637 671 1700 causam
683 1638 690 1676 ε
711 1618 821 1677 edormi
835 1617 994 1694 crapulam,
1008 1618 1135 1709 impiam,

146 1709 176 1755 et
201 1699 312 1757 exhala.
353 1701 403 1757 An
430 1699 509 1758 faces
537 1698 721 1757 admovendae
742 1706 826 1770 sunt,
852 1715 916 1774 quae
944 1706 973 1755 ta
1000 1708 1135 1771 excitent,

146 1786 233 1835 tantae
253 1797 348 1837 cause
369 1778 612 1837 indormienteml
652 1775 851 1853 Nunquamne
874 1776 1028 1853 intelliges,
1049 1787 1137 1835 statu·

146 1857 253 1914 endum
272 1858 326 1916 tibi
346 1877 419 1929 esse,
433 1855 531 1916 utrdm
551 1856 602 1929 illi,
617 1856 666 1932 qui
687 1847 776 1915 istam‘
791 1874 853 1914 rem
873 1866 1033 1933 gesserunt,
1047 1856 1136 1914 homi·

148 1934 220 1993 cidae
233 1936 301 2010 sint,
316 1955 353 1995 an
366 1937 496 1995 vindlees
509 1936 671 1994 libertatisl
985 1949 990 1954 ·
1152 1933 1188 1987 20

187 2013 277 2073 XIII.
311 2015 440 2075 Attende
468 2015 547 2073 enim
574 2015 728 2092 paulisper,
757 2014 1018 2093 cogitationemque
1036 2014 1136 2077 sobrii

148 2092 271 2151 hominis
290 2103 431 2171 punctum
450 2093 586 2169 temporis
605 2094 727 2171 suscipe.
768 2094 842 2171 Ego,
857 2094 908 2170 qui
928 2113 992 2152 sum
1012 2093 1134 2165 illorum,

149 2181 181 2227 ut
200 2172 261 2247 ipse
282 2172 382 2243 fateor,
396 2171 555 2243 familiaris,
569 2181 601 2229 ut
622 2181 688 2230 ate
708 2192 821 2250 arguor,
842 2174 948 2246 socius,
962 2192 1037 2250 nego
1056 2173 1137 2250 quid·

149 2268 236 2324 quarn
260 2270 323 2308 esse
349 2251 496 2309 medium:
524 2251 660 2309 confiteor
687 2271 746 2324 eos,
766 2247 822 2310 nisi
848 2253 1016 2310 liberatores
1039 2251 1136 2329 populi

149 2328 277 2390 Romani
291 2340 560 2405 conservatoresque
573 2330 738 2406 reipublice
752 2332 819 2403 sint,
832 2331 897 2408 plus
910 2328 996 2407 quim
1006 2330 1135 2403 sicarios,
1152 2327 1186 2400 25

147 2407 318 2485 plusquam
338 2408 505 2480 homicidas,
513 2409 583 2485 'plus
603 2408 691 2468 etiarn
710 2408 797 2484 quim
814 2410 983 2547 prr-rricidas,
997 2429 1079 2482 esse3
1099 2411 1136 2469 si-

148 2486 264 2560 quidem
278 2498 322 2545 est
342 2487 466 2546 atrocius
485 2488 584 2564 patria
602 2498 761 2565 parentem,
776 2508 813 2565 qu
881 2508 976 2561 suum,
990 2490 1133 2549 occidere.

148 2563 208 2636 Tu,
223 2566 308 2625 homo
328 2568 442 2644 sapiens
461 2577 491 2625 et
510 2568 700 2646 considerate,
715 2569 785 2645 quid
798 2568 893 2627 dicisl
926 2569 960 2627 si
972 2569 1133 2646 parricide,

148 2662 200 2701 cur
214 2644 329 2704 honoris
349 2646 438 2704 causi
458 2665 476 2703 n
495 2656 524 2705 te
544 2657 620 2719 suut,
634 2656 664 2706 et
684 2648 714 2705 in
735 2649 791 2707 hoc
803 2649 902 2707 ordine
915 2657 945 2707 et
958 2648 1033 2725 apud
1045 2667 1134 2726 popu·

147 2721 206 2779 lum
221 2723 397 2798 Romanum,
412 2744 523 2803 semper
544 2726 698 2804 appellatil
732 2728 793 2785 Cur
813 2727 855 2785 M.
876 2727 993 2799 Brutus,
1013 2738 1042 2786 te
1062 2728 1135 2786 rele-
1150 2724 1187 2779 30

42 2818 46 2824 ·
147 2802 364 2881 rente,‘legibus
384 2814 428 2863 est
447 2805 566 2877 solutus,
580 2805 605 2864 si
626 2806 664 2863 ab
683 2805 762 2864 Urbe
778 2807 842 2884 plus
855 2805 942 2883 quim
955 2807 1057 2865 decem
1071 2807 1135 2865 dies

148 2880 305 2941 abluissetl
326 2903 379 2942 cur
392 2884 454 2943 ludi
472 2884 654 2962 Apollinares
674 2885 838 2944 incredibili
861 2884 903 2943 M.
924 2885 1007 2943 Bruti
1027 2886 1135 2945 honore

147 2959 306 3019 celebratil
335 2981 387 3021 cur
406 2963 561 3038 provincie
581 2963 685 3022 Cassio
705 2974 734 3022 et
753 2964 844 3023 Bruto
863 2965 958 3022 datael
986 2984 1038 3023 eur
1059 2985 1135 3041 que·

147 3047 237 3097 stores
257 3040 370 3098 additil
397 3060 449 3101 cur
467 3042 627 3119 legatorum
653 3062 792 3102 numerus
816 3044 939 3101 auctusl
966 3052 1052 3119 atque
1072 3045 1136 3102 heo

148 3127 215 3175 acta
227 3138 278 3194 per
290 3129 328 3177 te.
370 3119 439 3196 Non
453 3120 540 3197 igitur
553 3122 714 3180 homicidas.
756 3122 904 3197 Sequitur,
917 3131 949 3179 ut
968 3121 1136 3181 liberatores
1151 3120 1187 3176 at

148 3204 198 3253 tuo
209 3196 319 3272 judicio
332 3198 390 3256 sint
400 3218 407 3269 ;
419 3200 658 3275 quandoquidem
671 3201 788 3259 tertium
802 3200 874 3260 nihil
887 3210 981 3278 potest
994 3220 1066 3259 esse.

186 3274 269 3337 Quid
284 3279 350 3335 estl
370 3296 441 3335 num
455 3280 595 3338 conturbo
608 3282 659 3338 tel
679 3280 829 3338 nonenim
844 3280 963 3338 sortasse
977 3281 1057 3353 satis,
1071 3300 1134 3357 quae

146 3353 312 3414 distinctibs
331 3356 479 3430 dicuntur,
494 3357 638 3436 intelligis.
680 3359 740 3417 Sed
759 3368 856 3418 tamen
877 3361 940 3418 brec
959 3370 1003 3418 est
1022 3379 1132 3419 summa

146 3433 340 3493 conclusionis
362 3446 454 3494 mere:
480 3436 631 3499 Quoniam
650 3438 760 3496 scelere
780 3457 798 3495 a
817 3448 847 3497 te
865 3438 979 3497 liberati
998 3449 1074 3512 sunt,
1096 3440 1132 3498 ab

145 3513 247 3569 eodem
259 3522 289 3571 te
304 3514 486 3591 amplissimis
505 3516 630 3593 premiis
650 3516 812 3596 dignissimi
829 3514 951 3594 judicati
965 3528 1040 3577 sunt
1074 3518 1132 3577 Ita·
1148 3518 1185 3573 to

146 3608 203 3665 que
219 3590 280 3667 jam
299 3605 396 3653 retexo
408 3595 566 3655 orationem
579 3614 691 3654 meam:
712 3596 838 3655 scribam
851 3597 888 3654 ad
902 3598 974 3671 illos,
989 3608 1030 3671 ut,
1044 3597 1132 3675 siqui

147 3667 230 3742 forte,
250 3672 325 3745 quod
346 3692 364 3731 a
382 3683 412 3732 te
431 3675 503 3734 mihi
522 3674 667 3751 objectum
687 3686 741 3748 est,
762 3686 900 3752 querent,
918 3678 994 3736 sitne
1013 3694 1113 3734 verum
1123 3696 1131 3747 ;

146 3767 184 3805 ne
197 3748 247 3805 cui
260 3761 375 3827 negent
415 3752 533 3812 Etenim
545 3773 654 3827 vereor,
668 3775 707 3814 ne
728 3765 787 3828 aut,
802 3755 928 3814 celatum
942 3774 989 3812 me
1003 3754 1040 3811 ab
1054 3754 1132 3828 ipsis,

147 3826 203 3886 illis
216 3847 274 3888 non
287 3829 456 3903 honestum3
478 3843 528 3892 aut
547 3833 700 3893 invitatum
719 3834 870 3912 refugisse,
884 3833 956 3891 mihi
976 3832 1014 3888 sit
1033 3830 1134 3905 turpis·

384 3911 448 3968 12⁸·
642 3932 645 3936 ’
