2692 4484
366 333 502 382 onemo
524 332 594 381 rao
615 332 647 381 n.
668 330 786 380 numo
806 329 958 379 macras.
1051 295 1054 306 ¹
1147 333 1206 394 ιω

169 477 379 539 assensionibus
393 475 519 535 universi
533 473 660 532 ordinis!
682 470 769 549 quiam
792 491 849 530 nec
869 471 977 544 tacitis,
991 489 1049 530 uec
1061 472 1159 531 occul·

168 560 209 632 tis
217 561 224 616 l
263 556 391 619 Quando
404 555 493 626 enim,
502 551 738 628 =frequentissimo
758 554 870 622 senatu,
884 561 1017 627 quatuor,
1032 551 1070 608 ad
1083 553 1173 614 sum-⁸

168 656 247 694 mum
260 636 396 711 quinque,
410 643 478 691 sunt
491 631 611 701 inventi,
633 630 683 705 qui
705 629 829 687 Milonis*
844 649 962 688 causam
986 649 1044 688 non
1057 629 1159 706 proba·
1189 678 1194 685 .

140 706 142 711 ¹
168 717 251 774 rentl
290 713 451 772 Declarant
464 710 550 786 hujus
564 707 689 766 ambusti
698 707 807 766 tribuni
819 708 910 784 plebis
933 708 989 767 illae
1007 708 1159 766 intermor-

167 805 224 852 tuae
245 794 411 863 conciones,
439 790 544 864 quibus
570 786 699 861 quotidie
718 804 813 843 meam
831 787 988 862 potentiam
1014 785 1156 846 invidiose
1189 790 1207 844 5

168 873 387 941 criminabatur,
401 866 469 926 clim
483 868 604 937 diceret,
625 874 767 936 senatum,
780 884 838 922 non
859 866 934 939 quod
956 865 1084 937 sentiret,
1105 866 1158 925 aed

157 953 243 1029 <quod
265 970 319 1027 ego
341 948 454 1017 vellem,
475 946 642 1002 decernere.
682 942 760 1004 Quae
780 944 896 1017 quidem
919 944 944 1001 si
966 944 1093 1019 potentia
1114 954 1159 1003 est
1231 939 1234 946 ’

171 1029 340 1107 appellanda
366 1023 471 1102 potiris,
498 1021 596 1097 qudm,
622 1031 735 1098 propter
761 1040 868 1098 magna
893 1021 924 1079 in
950 1022 1158 1098 rempublicam

170 1109 283 1178 merita,
297 1102 452 1162 mediocris
465 1102 496 1159 in
510 1100 593 1159 bonis
607 1098 702 1157 causis
723 1099 887 1171 auctoritas,
902 1110 960 1172 aut,
974 1111 1085 1178 propter
1105 1102 1157 1160 hos

171 1187 316 1244 officiosos
329 1182 441 1238 labores
454 1198 543 1250 meos,
557 1178 693 1236 nonnulla
711 1179 787 1255 apud
808 1179 896 1236 bonos
909 1178 1017 1255 gratia,
1039 1180 1158 1257 appelle·
1172 1180 1207 1235 10

87 1262 92 1269 ’
174 1274 220 1320 tur
241 1263 282 1318 ita
301 1257 382 1330 sane,
406 1258 560 1316 dummodo
580 1257 681 1315 ea‘nos
700 1270 815 1315 utamur
834 1277 886 1334 pro
906 1257 997 1316 salute
1019 1258 1158 1317 bonorum

127 1359 130 1366 ‘
175 1351 277 1399 contra
290 1337 444 1404 amentiam
462 1336 645 1412 perditorum.
812 1393 814 1396 ,

214 1419 303 1475 Hanc
315 1414 382 1474 verb
397 1414 591 1490 quaestionem,
606 1414 660 1472 etsi
672 1432 731 1473 non
753 1423 797 1472 est
821 1413 930 1489 iniqua,
951 1433 1099 1491 nunquam
1117 1425 1159 1474 ta·

173 1517 241 1554 men
267 1505 384 1553 senatus
411 1493 641 1552 constituendam
666 1493 785 1569 putavit.
840 1493 933 1552 Erant
959 1493 1036 1550 enim
1068 1494 1158 1571 leges,

172 1585 255 1633 erant
268 1573 447 1649 quaestiones,
462 1573 506 1631 vel
521 1573 558 1630 de
572 1573 662 1643 crede,
673 1573 722 1642 ⁴vel
743 1573 780 1629 de
793 1572 838 1629 vi:
858 1591 916 1630 nec
935 1582 1047 1629 tantum
1059 1570 1208 1631 moero-15

172 1673 233 1712 rem
254 1672 289 1710 ac
308 1652 419 1712 luctum
438 1651 552 1709 senatui
572 1671 648 1709 mors
668 1650 701 1708 P.
724 1648 820 1709 Clodii
852 1651 1000 1722 afferebat,
1023 1655 1060 1707 'ut
1088 1670 1162 1712 nova

171 1732 289 1807 questio
305 1730 538 1789 constitueretur.
580 1730 673 1806 Cujus
692 1730 771 1788 enim
798 1731 834 1788 da
855 1730 904 1787 illo
923 1729 1035 1786 incesto
1054 1737 1159 1805 stupro,
1222 1745 1226 1754 ·

79 1864 83 1880 ,
174 1811 319 1887 judicium
332 1810 509 1868 decernendi
530 1809 644 1867 senatui
664 1818 791 1886 potestas
813 1818 889 1882 esset
912 1817 1027 1884 erepta3
1048 1806 1161 1884 doejus

171 1889 300 1960 interitu,
311 1889 379 1965 quis
388 1897 482 1965 potest
495 1888 624 1959 credere,
648 1897 780 1945 senatum
799 1886 952 1964 judicium*
966 1905 1070 1945 novum
1094 1906 1162 1945 oon·

171 1968 347 2026 stituendum
359 1967 496 2045 punisset
538 1966 599 2023 Cur
613 1966 700 2043 igitur
723 1966 892 2024 incendium
906 1964 1004 2037 curiae,
1017 1983 1162 2042 oppugna·
1173 1971 1209 2026 m

172 2046 279 2104 tionem
294 2046 399 2103 adium
413 2044 455 2102 M.
478 2043 592 2121 Lepidi,
608 2045 718 2103 caedem
741 2046 819 2102 hanc
840 2044 941 2121 ipsam,
966 2054 1067 2102 contra
1090 2062 1163 2101 rem-

172 2125 319 2200 publicam
338 2133 456 2180 senatus
476 2122 585 2180 factam
604 2142 668 2180 esse
688 2124 834 2181 decrevitl
860 2122 929 2199 quia
948 2122 1029 2181 nulla
1048 2123 1092 2180 vis
1111 2141 1162 2181 un·

172 2221 260 2277 quam
274 2211 318 2258 est
337 2201 368 2257 in
390 2199 483 2268 liberi
503 2200 621 2258 civitate
640 2211 774 2278 suscepta
793 2201 867 2259 inter
882 2200 970 2273 cives,
983 2221 1041 2260 non
1062 2211 1163 2259 contra

174 2279 397 2355 rempublicam„
432 2276 501 2336 Non
521 2278 598 2336 enim
618 2289 662 2337 est
682 2280 732 2337 illa
751 2280 880 2339 defensio
899 2290 1000 2337 contra
1026 2279 1084 2337 vim
1111 2299 1162 2338 un·
1236 2311 1238 2316 .

174 2377 261 2432 quam
280 2358 420 2433 optanda3
449 2357 500 2415 sed
520 2363 726 2433 nonnunquam
745 2369 789 2417 est
808 2359 988 2423 necessaria:
1017 2358 1073 2417 nisi
1093 2356 1160 2417 verb
1173 2360 1211 2418 25

175 2447 225 2493 aut
245 2436 293 2493 ille
313 2436 384 2507 dies,
415 2435 523 2510 inquo
543 2436 591 2494 Ti.
612 2437 765 2495 Gracchus
785 2447 829 2496 est
848 2457 949 2509 caesus,
973 2447 1023 2495 aut
1037 2437 1086 2495 ille
1106 2457 1161 2512 quo
1262 2467 1269 2474 ·

174 2514 274 2586 Caius,
290 2523 340 2572 aut
358 2533 415 2589 quo
435 2517 515 2571 a'rma
536 2515 687 2573 Saturnini
705 2536 839 2592 oppressa
857 2525 933 2588 sunt,
954 2516 1067 2575 etiamsi
1080 2537 1098 2574 e
1118 2536 1161 2575 re·

172 2593 300 2669 publici,
315 2592 520 2668 rempublicam
534 2603 631 2651 tamen
652 2614 709 2653 non
724 2595 927 2662 vulnerdrunt.‘

115 2736 120 2752 ¹
212 2671 266 2730 VI.
300 2670 403 2746 Itaque
424 2690 479 2747 ego
500 2671 560 2747 ipse
582 2673 708 2744 decrevi,
723 2671 791 2730 crim
812 2674 921 2731 caedem
942 2673 972 2732 in
987 2674 1082 2750 Appia
1103 2674 1180 2732 fac·-

129 2785 138 2798 ·
173 2759 232 2808 tam
245 2769 308 2808 esse
322 2759 476 2820 constaret,
490 2769 547 2808 non
561 2767 638 2821 eum,
654 2751 703 2826 qui
717 2770 748 2809 se
768 2752 952 2823 defendisset,
966 2762 1067 2811 contra
1089 2771 1162 2810 rem-
1174 2751 1211 2807 30

172 2829 317 2904 publicam
331 2829 435 2887 fecisse
444 2848 451 2899 ;
474 2829 534 2899 sed,
550 2827 619 2887 crim
633 2830 741 2888 inesset
762 2830 792 2887 in
813 2847 845 2890 re
864 2830 907 2888 vis
920 2839 950 2887 et
963 2832 1085 2901 insidia,
1107 2831 1162 2888 ori·

173 2926 239 2965 men
258 2907 369 2984 judicio
391 2908 551 2977 reservavi3
572 2927 634 2966 rem
657 2908 763 2966 notavi.
803 2907 895 2969 Quod
909 2909 943 2980 si,
957 2929 1006 2986 per
1023 2910 1161 2968 furiosum

173 2986 425 3056 illumtribunum‚
447 2987 570 3058 senatui,
593 2988 669 3060 quod
691 2987 842 3058 sentiebat,
865 2987 1002 3064 perficere
1022 2988 1161 3059 licuisset,
1263 3056 1273 3071 ο

173 3079 278 3122 novam
298 3065 484 3140 questionem
505 3084 585 3122 nunc
611 3066 721 3123 nullam
748 3066 928 3123 haberemus.
978 3066 1163 3123 Decernebat
1241 3059 1251 3077 ”

174 3142 263 3213 enim,
291 3155 333 3214 ut,
360 3142 505 3199 veteribus
533 3144 656 3219 legibusr,
686 3144 884 3202 tantummodo
913 3153 994 3201 extra
1023 3143 1162 3215 ordinem,
1175 3141 1212 3196 35
1273 3201 1279 3216 ί

174 3217 358 3294 quaereretur.
412 3220 514 3278 Divisa
540 3223 684 3280 sententia
703 3232 756 3294 est,
782 3222 944 3298 postulante
971 3222 1162 3296 nescioquo:

105 3318 111 3327 ·
144 3300 147 3304 ’
173 3300 245 3356 nihil
266 3301 346 3358 enim
366 3318 486 3356 necesse
506 3309 559 3371 est,
579 3302 709 3358 omnium
728 3321 775 3359 me
796 3300 907 3377 flagitia
925 3301 1059 3376 proferre.
1111 3300 1163 3358 Sic

171 3378 282 3454 reliqua
297 3377 452 3437 auctoritas
465 3379 592 3451 senatris,
607 3380 703 3455 empti
717 3377 931 3450 intercessione,
945 3380 1057 3437 sublata
1069 3388 1121 3437 est.

212 3459 252 3515 At
265 3458 345 3515 enim
359 3457 414 3515 Cu.
430 3453 592 3534 Pompeius,
607 3459 755 3534 rogatione
769 3458 822 3516 suri
835 3467 865 3515 et
878 3457 922 3515 de
934 3477 966 3516 re
979 3468 1008 3519 et
1022 3459 1058 3517 de
1072 3458 1162 3525 causd

168 3541 172 3553 ¹
177 3535 332 3610 judicavit:
353 3536 420 3607 tulit
433 3535 511 3593 enim
525 3536 562 3594 de
576 3538 666 3608 oaede,
681 3556 744 3612 quae
759 3538 789 3595 in
804 3536 899 3614 Appiis
912 3537 959 3594 viri
978 3537 1055 3594 facta
1074 3547 1161 3609 esset,
1175 3535 1211 3595 4⁰

152 3614 203 3670 ‘in
216 3615 272 3690 qua
292 3615 324 3672 P.
339 3614 460 3673 Clodius
483 3616 599 3674 occisus
620 3616 682 3673 suit.
722 3615 805 3677 Quid
829 3635 899 3692 ergo
918 3616 1006 3673 tulitl
1047 3616 1161 3691 Nempe
1244 3651 1248 3656 ,

173 3702 205 3749 ut
217 3703 398 3768 quareretur.
438 3692 523 3756 Quid
537 3707 623 3771 porro
640 3695 826 3770 quarendum
848 3695 914 3752 esti
934 3695 1083 3754 factumne
1103 3694 1161 3766 sitl

174 3780 204 3829 at
224 3782 350 3830 constat:
372 3774 484 3849 aquol
513 3783 541 3831 at
554 3784 647 3850 patet.
670 3773 781 3845 'Vidit,
808 3774 897 3831 etiarn
923 3773 954 3830 in
981 3772 1161 3829 confessione

173 3850 254 3922 facti,
280 3850 352 3926 juris
377 3861 475 3921 tamen
502 3852 699 3911 defensionem
725 3850 943 3927 suscipiposse.
993 3848 1086 3911 Quod
1105 3846 1162 3904 nisi
