<?xml version="1.0" encoding="UTF-8"?>
<!DOCTYPE html PUBLIC "-//W3C//DTD XHTML 1.0 Transitional//EN"
    "http://www.w3.org/TR/xhtml1/DTD/xhtml1-transitional.dtd">
<html xmlns="http://www.w3.org/1999/xhtml" xml:lang="en" lang="en">
 <head>
  <title>
</title>
<meta http-equiv="Content-Type" content="text/html;charset=utf-8" />
  <meta name='ocr-system' content='tesseract 3.04.00' />
  <meta name='ocr-capabilities' content='ocr_page ocr_carea ocr_par ocr_line ocrx_word'/>
</head>
<body>
  <div class='ocr_page' id='page_1' title='image "./orationesqudams02cicegoog/orationesqudams02cicegoog_0115.png"; bbox 0 0 2692 4484; ppageno 0'>
   <div class='ocr_carea' id='block_1_1' title="bbox 158 327 1004 403">
    <p class='ocr_par' dir='ltr' id='par_1_1' title="bbox 158 327 1004 403">
     <span class='ocr_line' id='line_1_1' title="bbox 158 327 1004 403; baseline -0.019 -8"><span class='ocrx_word' id='word_1_1' title='bbox 158 335 217 403; x_wconf 83' lang='lat' dir='ltr'>nu</span> <span class='ocrx_word' id='word_1_2' title='bbox 407 329 545 382; x_wconf 78' lang='lat' dir='ltr'>onsmo</span> <span class='ocrx_word' id='word_1_3' title='bbox 566 328 638 381; x_wconf 81' lang='lat' dir='ltr'>rao</span> <span class='ocrx_word' id='word_1_4' title='bbox 659 328 693 381; x_wconf 81' lang='lat' dir='ltr'>r.</span> <span class='ocrx_word' id='word_1_5' title='bbox 714 327 831 380; x_wconf 77' lang='lat' dir='ltr'>sumo</span> <span class='ocrx_word' id='word_1_6' title='bbox 852 327 1004 380; x_wconf 75' lang='lat' dir='ltr'>ursone.</span> 
     </span>
    </p>
   </div>
   <div class='ocr_carea' id='block_1_2' title="bbox 206 472 1212 715">
    <p class='ocr_par' dir='ltr' id='par_1_2' title="bbox 206 472 1212 715">
     <span class='ocr_line' id='line_1_2' title="bbox 206 472 1212 554; baseline 0 -18"><span class='ocrx_word' id='word_1_7' title='bbox 206 495 297 537; x_wconf 89' lang='lat' dir='ltr'>causa</span> <span class='ocrx_word' id='word_1_8' title='bbox 323 478 401 554; x_wconf 84' lang='lat' dir='ltr'>justa</span> <span class='ocrx_word' id='word_1_9' title='bbox 425 474 598 534; x_wconf 86' lang='lat' dir='ltr'>restituendi</span> <span class='ocrx_word' id='word_1_10' title='bbox 616 474 685 548; x_wconf 84' lang='lat' dir='ltr'>mei,</span> <span class='ocrx_word' id='word_1_11' title='bbox 706 473 763 533; x_wconf 91' lang='lat' dir='ltr'>nisi</span> <span class='ocrx_word' id='word_1_12' title='bbox 783 473 885 543; x_wconf 78' lang='lat' dir='ltr'>fuisset</span> <span class='ocrx_word' id='word_1_13' title='bbox 910 472 1018 551; x_wconf 85' lang='lat' dir='ltr'>injusta</span> <span class='ocrx_word' id='word_1_14' title='bbox 1043 475 1212 553; x_wconf 70' lang='lat' dir='ltr'>ejiciendi?</span> 
     </span>
     <span class='ocr_line' id='line_1_3' title="bbox 206 552 1209 634; baseline 0 -19"><span class='ocrx_word' id='word_1_15' title='bbox 206 556 295 617; x_wconf 90' lang='lat' dir='ltr'>Diem</span> <span class='ocrx_word' id='word_1_16' title='bbox 324 554 396 613; x_wconf 91' lang='lat' dir='ltr'>mihi</span> <span class='ocrx_word' id='word_1_17' title='bbox 421 552 536 634; x_wconf 87' lang='lat' dir='ltr'>(credo)</span> <span class='ocrx_word' id='word_1_18' title='bbox 561 554 692 613; x_wconf 79' lang='lat' dir='ltr'><strong>dixerat:</strong></span> <span class='ocrx_word' id='word_1_19' title='bbox 722 554 843 612; x_wconf 79' lang='lat' dir='ltr'>militam</span> <span class='ocrx_word' id='word_1_20' title='bbox 867 552 1027 632; x_wconf 70' lang='lat' dir='ltr'>irrogarat:</span> <span class='ocrx_word' id='word_1_21' title='bbox 1059 556 1209 617; x_wconf 76' lang='lat' dir='ltr'><strong>actionem</strong></span> 
     </span>
     <span class='ocr_line' id='line_1_4' title="bbox 206 631 1209 715; baseline 0.001 -21"><span class='ocrx_word' id='word_1_22' title='bbox 206 634 411 715; x_wconf 78' lang='lat' dir='ltr'>perduellionis</span> <span class='ocrx_word' id='word_1_23' title='bbox 420 633 602 692; x_wconf 80' lang='lat' dir='ltr'>intenderat:</span> <span class='ocrx_word' id='word_1_24' title='bbox 624 632 739 692; x_wconf 88' lang='lat' dir='ltr'>etmihi</span> <span class='ocrx_word' id='word_1_25' title='bbox 752 631 897 704; x_wconf 83' lang='lat' dir='ltr'>videlicet,</span> <span class='ocrx_word' id='word_1_26' title='bbox 912 632 943 690; x_wconf 93' lang='lat' dir='ltr'>in</span> <span class='ocrx_word' id='word_1_27' title='bbox 958 633 1048 692; x_wconf 71' lang='lat' dir='ltr'>causa</span> <span class='ocrx_word' id='word_1_28' title='bbox 1063 645 1113 693; x_wconf 87' lang='lat' dir='ltr'>aut</span> <span class='ocrx_word' id='word_1_29' title='bbox 1126 638 1209 695; x_wconf 71' lang='lat' dir='ltr'>mala</span> 
     </span>
    </p>
   </div>
   <div class='ocr_carea' id='block_1_3' title="bbox 159 711 1283 3797">
    <p class='ocr_par' dir='ltr' id='par_1_3' title="bbox 159 711 1283 3797">
     <span class='ocr_line' id='line_1_5' title="bbox 208 711 1208 790; baseline 0.002 -16"><span class='ocrx_word' id='word_1_30' title='bbox 208 725 258 774; x_wconf 87' lang='lat' dir='ltr'>aut</span> <span class='ocrx_word' id='word_1_31' title='bbox 271 715 347 787; x_wconf 68' lang='lat' dir='ltr'>mei,</span> <span class='ocrx_word' id='word_1_32' title='bbox 361 734 419 773; x_wconf 90' lang='lat' dir='ltr'>non</span> <span class='ocrx_word' id='word_1_33' title='bbox 433 723 463 772; x_wconf 92' lang='lat' dir='ltr'>et</span> <span class='ocrx_word' id='word_1_34' title='bbox 474 712 696 790; x_wconf 74' lang='lat' dir='ltr'>preclarissimb</span> <span class='ocrx_word' id='word_1_35' title='bbox 709 721 739 770; x_wconf 91' lang='lat' dir='ltr'>et</span> <span class='ocrx_word' id='word_1_36' title='bbox 757 712 862 784; x_wconf 75' lang='lat' dir='ltr'>vestri,</span> <span class='ocrx_word' id='word_1_37' title='bbox 874 711 1018 789; x_wconf 85' lang='lat' dir='ltr'>judicium</span> <span class='ocrx_word' id='word_1_38' title='bbox 1041 712 1208 776; x_wconf 87' lang='lat' dir='ltr'>timendum</span> 
     </span>
     <span class='ocr_line' id='line_1_6' title="bbox 174 791 1209 870; baseline 0 -17"><span class='ocrx_word' id='word_1_39' title='bbox 174 794 270 854; x_wconf 73' lang='lat' dir='ltr'>afuit</span> <span class='ocrx_word' id='word_1_40' title='bbox 312 794 467 852; x_wconf 82' lang='lat' dir='ltr'>Servorum</span> <span class='ocrx_word' id='word_1_41' title='bbox 480 801 510 851; x_wconf 92' lang='lat' dir='ltr'>et</span> <span class='ocrx_word' id='word_1_42' title='bbox 522 792 671 870; x_wconf 86' lang='lat' dir='ltr'>egentium</span> <span class='ocrx_word' id='word_1_43' title='bbox 692 791 799 850; x_wconf 82' lang='lat' dir='ltr'>civium</span> <span class='ocrx_word' id='word_1_44' title='bbox 821 801 852 849; x_wconf 92' lang='lat' dir='ltr'>et</span> <span class='ocrx_word' id='word_1_45' title='bbox 872 791 1100 858; x_wconf 76' lang='lat' dir='ltr'>facinorosorum</span> <span class='ocrx_word' id='word_1_46' title='bbox 1115 794 1209 853; x_wconf 88' lang='lat' dir='ltr'>armis</span> 
     </span>
     <span class='ocr_line' id='line_1_7' title="bbox 207 870 1208 951; baseline 0.002 -20"><span class='ocrx_word' id='word_1_47' title='bbox 207 893 287 933; x_wconf 87' lang='lat' dir='ltr'>meos</span> <span class='ocrx_word' id='word_1_48' title='bbox 301 872 389 944; x_wconf 82' lang='lat' dir='ltr'>cives,</span> <span class='ocrx_word' id='word_1_49' title='bbox 403 870 476 930; x_wconf 89' lang='lat' dir='ltr'>meis</span> <span class='ocrx_word' id='word_1_50' title='bbox 489 871 618 930; x_wconf 88' lang='lat' dir='ltr'>consiliis</span> <span class='ocrx_word' id='word_1_51' title='bbox 629 870 825 948; x_wconf 78' lang='lat' dir='ltr'>periculisque</span> <span class='ocrx_word' id='word_1_52' title='bbox 838 881 975 943; x_wconf 87' lang='lat' dir='ltr'>servatos,</span> <span class='ocrx_word' id='word_1_53' title='bbox 988 890 1041 948; x_wconf 91' lang='lat' dir='ltr'>pro</span> <span class='ocrx_word' id='word_1_54' title='bbox 1053 891 1101 931; x_wconf 88' lang='lat' dir='ltr'>me</span> <span class='ocrx_word' id='word_1_55' title='bbox 1113 874 1208 951; x_wconf 89' lang='lat' dir='ltr'>objici</span> 
     </span>
     <span class='ocr_line' id='line_1_8' title="bbox 208 952 296 1011; baseline -0.011 0"><span class='ocrx_word' id='word_1_56' title='bbox 208 952 296 1011; x_wconf 83' lang='lat' dir='ltr'>nolui.</span> 
     </span>
     <span class='ocr_line' id='line_1_9' title="bbox 248 1029 1259 1106; baseline 0.001 -17"><span class='ocrx_word' id='word_1_57' title='bbox 248 1031 317 1089; x_wconf 86' lang='lat' dir='ltr'>Vidi</span> <span class='ocrx_word' id='word_1_58' title='bbox 340 1031 428 1102; x_wconf 85' lang='lat' dir='ltr'>enirn,</span> <span class='ocrx_word' id='word_1_59' title='bbox 452 1029 521 1102; x_wconf 88' lang='lat' dir='ltr'>vidi,</span> <span class='ocrx_word' id='word_1_60' title='bbox 545 1031 625 1089; x_wconf 91' lang='lat' dir='ltr'>huuc</span> <span class='ocrx_word' id='word_1_61' title='bbox 648 1030 743 1106; x_wconf 90' lang='lat' dir='ltr'>ipsum</span> <span class='ocrx_word' id='word_1_62' title='bbox 769 1030 810 1091; x_wconf 80' lang='lat' dir='ltr'>Q.</span> <span class='ocrx_word' id='word_1_63' title='bbox 833 1029 1033 1102; x_wconf 85' lang='lat' dir='ltr'>Hortensium,</span> <span class='ocrx_word' id='word_1_64' title='bbox 1053 1030 1152 1090; x_wconf 90' lang='lat' dir='ltr'>lumen</span> <span class='ocrx_word' id='word_1_65' title='bbox 1174 1042 1208 1090; x_wconf 91' lang='lat' dir='ltr'>et</span> <span class='ocrx_word' id='word_1_66' title='bbox 1257 1037 1259 1040; x_wconf 79' lang='grc'>’</span> 
     </span>
     <span class='ocr_line' id='line_1_10' title="bbox 207 1107 1206 1186; baseline -0.001 -16"><span class='ocrx_word' id='word_1_67' title='bbox 207 1120 410 1170; x_wconf 85' lang='lat' dir='ltr'>ornamentum</span> <span class='ocrx_word' id='word_1_68' title='bbox 422 1109 600 1186; x_wconf 75' lang='lat' dir='ltr'>reipublice,</span> <span class='ocrx_word' id='word_1_69' title='bbox 620 1107 696 1186; x_wconf 73' lang='lat' dir='ltr'>pene</span> <span class='ocrx_word' id='word_1_70' title='bbox 711 1109 835 1168; x_wconf 87' lang='lat' dir='ltr'>interfici</span> <span class='ocrx_word' id='word_1_71' title='bbox 859 1127 1005 1167; x_wconf 82' lang='lat' dir='ltr'>servorum</span> <span class='ocrx_word' id='word_1_72' title='bbox 1019 1128 1117 1184; x_wconf 89' lang='lat' dir='ltr'>manu,</span> <span class='ocrx_word' id='word_1_73' title='bbox 1132 1108 1206 1169; x_wconf 78' lang='lat' dir='ltr'>cium</span> 
     </span>
     <span class='ocr_line' id='line_1_11' title="bbox 161 1188 1206 1267; baseline 0.001 -20"><span class='ocrx_word' id='word_1_74' title='bbox 161 1193 195 1247; x_wconf 88' lang='grc'>10</span> <span class='ocrx_word' id='word_1_75' title='bbox 208 1190 281 1248; x_wconf 90' lang='lat' dir='ltr'>mibi</span> <span class='ocrx_word' id='word_1_76' title='bbox 302 1190 432 1248; x_wconf 83' lang='lat' dir='ltr'>adesset:</span> <span class='ocrx_word' id='word_1_77' title='bbox 453 1189 511 1265; x_wconf 75' lang='lat' dir='ltr'>quai</span> <span class='ocrx_word' id='word_1_78' title='bbox 534 1189 673 1262; x_wconf 75' lang='lat' dir='ltr'>inturbb</span> <span class='ocrx_word' id='word_1_79' title='bbox 687 1189 722 1246; x_wconf 87' lang='lat' dir='ltr'>C.</span> <span class='ocrx_word' id='word_1_80' title='bbox 737 1188 892 1260; x_wconf 80' lang='lat' dir='ltr'>Vibienus,</span> <span class='ocrx_word' id='word_1_81' title='bbox 916 1198 1040 1261; x_wconf 86' lang='lat' dir='ltr'>senator,</span> <span class='ocrx_word' id='word_1_82' title='bbox 1064 1189 1106 1248; x_wconf 86' lang='lat' dir='ltr'>vir</span> <span class='ocrx_word' id='word_1_83' title='bbox 1128 1190 1206 1267; x_wconf 91' lang='lat' dir='ltr'>opti-</span> 
     </span>
     <span class='ocr_line' id='line_1_12' title="bbox 208 1253 1206 1341; baseline 0 -14"><span class='ocrx_word' id='word_1_84' title='bbox 208 1289 284 1341; x_wconf 88' lang='lat' dir='ltr'>mus,</span> <span class='ocrx_word' id='word_1_85' title='bbox 311 1289 379 1328; x_wconf 90' lang='lat' dir='ltr'>cum</span> <span class='ocrx_word' id='word_1_86' title='bbox 405 1270 461 1327; x_wconf 87' lang='lat' dir='ltr'>boc</span> <span class='ocrx_word' id='word_1_87' title='bbox 488 1267 557 1327; x_wconf 81' lang='lat' dir='ltr'>cirm</span> <span class='ocrx_word' id='word_1_88' title='bbox 580 1269 656 1327; x_wconf 86' lang='lat' dir='ltr'>esset</span> <span class='ocrx_word' id='word_1_89' title='bbox 678 1253 748 1340; x_wconf 59' lang='lat' dir='ltr'>uui,</span> <span class='ocrx_word' id='word_1_90' title='bbox 762 1268 804 1326; x_wconf 84' lang='lat' dir='ltr'>its</span> <span class='ocrx_word' id='word_1_91' title='bbox 826 1277 870 1326; x_wconf 87' lang='lat' dir='ltr'>est</span> <span class='ocrx_word' id='word_1_92' title='bbox 893 1268 1040 1337; x_wconf 89' lang='lat' dir='ltr'>multatus,</span> <span class='ocrx_word' id='word_1_93' title='bbox 1061 1277 1093 1326; x_wconf 92' lang='lat' dir='ltr'>ut</span> <span class='ocrx_word' id='word_1_94' title='bbox 1112 1269 1206 1327; x_wconf 83' lang='lat' dir='ltr'>vitam</span> 
     </span>
     <span class='ocr_line' id='line_1_13' title="bbox 210 1346 1206 1424; baseline 0 -17"><span class='ocrx_word' id='word_1_95' title='bbox 210 1348 346 1407; x_wconf 85' lang='lat' dir='ltr'>amiserit.</span> <span class='ocrx_word' id='word_1_96' title='bbox 400 1347 515 1424; x_wconf 89' lang='lat' dir='ltr'>ltaque,</span> <span class='ocrx_word' id='word_1_97' title='bbox 539 1347 654 1423; x_wconf 88' lang='lat' dir='ltr'>quando</span> <span class='ocrx_word' id='word_1_98' title='bbox 681 1346 759 1405; x_wconf 86' lang='lat' dir='ltr'>illius</span> <span class='ocrx_word' id='word_1_99' title='bbox 783 1356 884 1423; x_wconf 89' lang='lat' dir='ltr'>postea</span> <span class='ocrx_word' id='word_1_100' title='bbox 915 1346 977 1406; x_wconf 87' lang='lat' dir='ltr'>sica</span> <span class='ocrx_word' id='word_1_101' title='bbox 997 1347 1056 1419; x_wconf 90' lang='lat' dir='ltr'>illa,</span> <span class='ocrx_word' id='word_1_102' title='bbox 1076 1367 1163 1423; x_wconf 90' lang='lat' dir='ltr'>quam</span> <span class='ocrx_word' id='word_1_103' title='bbox 1186 1368 1206 1407; x_wconf 89' lang='lat' dir='ltr'>a</span> 
     </span>
     <span class='ocr_line' id='line_1_14' title="bbox 190 1425 1204 1503; baseline -0.001 -17"><span class='ocrx_word' id='word_1_104' title='bbox 190 1427 339 1502; x_wconf 41' lang='lat' dir='ltr'>,Catilina</span> <span class='ocrx_word' id='word_1_105' title='bbox 359 1436 522 1503; x_wconf 87' lang='lat' dir='ltr'>acceperat,</span> <span class='ocrx_word' id='word_1_106' title='bbox 543 1426 730 1502; x_wconf 86' lang='lat' dir='ltr'>conquievitl</span> <span class='ocrx_word' id='word_1_107' title='bbox 770 1425 846 1485; x_wconf 82' lang='lat' dir='ltr'>Haec</span> <span class='ocrx_word' id='word_1_108' title='bbox 866 1426 1010 1484; x_wconf 81' lang='lat' dir='ltr'>intentata</span> <span class='ocrx_word' id='word_1_109' title='bbox 1035 1426 1117 1485; x_wconf 89' lang='lat' dir='ltr'>nobis</span> <span class='ocrx_word' id='word_1_110' title='bbox 1137 1437 1204 1486; x_wconf 83' lang='lat' dir='ltr'>est:</span> 
     </span>
     <span class='ocr_line' id='line_1_15' title="bbox 209 1505 1205 1585; baseline 0 -20"><span class='ocrx_word' id='word_1_111' title='bbox 209 1507 279 1566; x_wconf 93' lang='lat' dir='ltr'>huic</span> <span class='ocrx_word' id='word_1_112' title='bbox 299 1526 354 1585; x_wconf 85' lang='lat' dir='ltr'>ego</span> <span class='ocrx_word' id='word_1_113' title='bbox 365 1527 416 1566; x_wconf 82' lang='lat' dir='ltr'>vos</span> <span class='ocrx_word' id='word_1_114' title='bbox 441 1505 528 1583; x_wconf 89' lang='lat' dir='ltr'>objici</span> <span class='ocrx_word' id='word_1_115' title='bbox 548 1525 600 1581; x_wconf 91' lang='lat' dir='ltr'>pro</span> <span class='ocrx_word' id='word_1_116' title='bbox 619 1524 666 1563; x_wconf 90' lang='lat' dir='ltr'>me</span> <span class='ocrx_word' id='word_1_117' title='bbox 686 1525 745 1563; x_wconf 91' lang='lat' dir='ltr'>non</span> <span class='ocrx_word' id='word_1_118' title='bbox 764 1524 829 1563; x_wconf 89' lang='lat' dir='ltr'>sum</span> <span class='ocrx_word' id='word_1_119' title='bbox 847 1523 951 1581; x_wconf 85' lang='lat' dir='ltr'>passus</span> <span class='ocrx_word' id='word_1_120' title='bbox 962 1525 973 1562; x_wconf 49' lang='grc' dir='ltr'>τἸ</span> <span class='ocrx_word' id='word_1_121' title='bbox 990 1506 1054 1563; x_wconf 80' lang='lat' dir='ltr'>haec</span> <span class='ocrx_word' id='word_1_122' title='bbox 1066 1505 1205 1565; x_wconf 87' lang='lat' dir='ltr'>insidiata</span> 
     </span>
     <span class='ocr_line' id='line_1_16' title="bbox 161 1579 1204 1663; baseline 0.004 -24"><span class='ocrx_word' id='word_1_123' title='bbox 161 1585 195 1639; x_wconf 82' lang='lat'>15</span> <span class='ocrx_word' id='word_1_124' title='bbox 209 1585 347 1663; x_wconf 89' lang='lat' dir='ltr'>Pompeio</span> <span class='ocrx_word' id='word_1_125' title='bbox 359 1596 421 1645; x_wconf 89' lang='lat' dir='ltr'>est:</span> <span class='ocrx_word' id='word_1_126' title='bbox 442 1587 506 1643; x_wconf 80' lang='lat' dir='ltr'>hec</span> <span class='ocrx_word' id='word_1_127' title='bbox 519 1584 604 1642; x_wconf 85' lang='lat' dir='ltr'>istam</span> <span class='ocrx_word' id='word_1_128' title='bbox 619 1584 755 1661; x_wconf 86' lang='lat' dir='ltr'>Appiam,</span> <span class='ocrx_word' id='word_1_129' title='bbox 769 1593 989 1643; x_wconf 88' lang='lat' dir='ltr'>monumentum</span> <span class='ocrx_word' id='word_1_130' title='bbox 1008 1579 1055 1642; x_wconf 87' lang='lat' dir='ltr'>sui</span> <span class='ocrx_word' id='word_1_131' title='bbox 1066 1586 1204 1658; x_wconf 88' lang='lat' dir='ltr'>nominis,</span> 
     </span>
     <span class='ocr_line' id='line_1_17' title="bbox 209 1663 1204 1742; baseline -0.002 -17"><span class='ocrx_word' id='word_1_132' title='bbox 209 1685 283 1725; x_wconf 89' lang='lat' dir='ltr'>nece</span> <span class='ocrx_word' id='word_1_133' title='bbox 297 1665 406 1742; x_wconf 85' lang='lat' dir='ltr'>Papirii</span> <span class='ocrx_word' id='word_1_134' title='bbox 419 1663 599 1723; x_wconf 86' lang='lat' dir='ltr'>cruentavit:</span> <span class='ocrx_word' id='word_1_135' title='bbox 621 1664 694 1735; x_wconf 78' lang='lat' dir='ltr'>heo,</span> <span class='ocrx_word' id='word_1_136' title='bbox 719 1663 783 1721; x_wconf 77' lang='lat' dir='ltr'>haec</span> <span class='ocrx_word' id='word_1_137' title='bbox 806 1664 919 1736; x_wconf 88' lang='lat' dir='ltr'>eadem,</span> <span class='ocrx_word' id='word_1_138' title='bbox 933 1663 1019 1741; x_wconf 85' lang='lat' dir='ltr'>longo</span> <span class='ocrx_word' id='word_1_139' title='bbox 1042 1663 1204 1737; x_wconf 86' lang='lat' dir='ltr'>intervallo,</span> 
     </span>
     <span class='ocr_line' id='line_1_18' title="bbox 210 1742 1204 1819; baseline -0.001 -15"><span class='ocrx_word' id='word_1_140' title='bbox 210 1764 349 1804; x_wconf 86' lang='lat' dir='ltr'>conversa</span> <span class='ocrx_word' id='word_1_141' title='bbox 370 1763 470 1803; x_wconf 89' lang='lat' dir='ltr'>rursus</span> <span class='ocrx_word' id='word_1_142' title='bbox 492 1754 536 1801; x_wconf 87' lang='lat' dir='ltr'>est</span> <span class='ocrx_word' id='word_1_143' title='bbox 559 1743 590 1801; x_wconf 93' lang='lat' dir='ltr'>in</span> <span class='ocrx_word' id='word_1_144' title='bbox 612 1761 679 1801; x_wconf 89' lang='lat' dir='ltr'>me:</span> <span class='ocrx_word' id='word_1_145' title='bbox 699 1762 792 1819; x_wconf 90' lang='lat' dir='ltr'>nuper</span> <span class='ocrx_word' id='word_1_146' title='bbox 805 1743 933 1819; x_wconf 88' lang='lat' dir='ltr'>quidem,</span> <span class='ocrx_word' id='word_1_147' title='bbox 947 1753 980 1801; x_wconf 93' lang='lat' dir='ltr'>ut</span> <span class='ocrx_word' id='word_1_148' title='bbox 999 1742 1089 1816; x_wconf 86' lang='lat' dir='ltr'>scitis,</span> <span class='ocrx_word' id='word_1_149' title='bbox 1103 1763 1150 1803; x_wconf 90' lang='lat' dir='ltr'>me</span> <span class='ocrx_word' id='word_1_150' title='bbox 1165 1746 1204 1803; x_wconf 86' lang='lat' dir='ltr'>ad</span> 
     </span>
     <span class='ocr_line' id='line_1_19' title="bbox 209 1822 557 1900; baseline -0.009 -18"><span class='ocrx_word' id='word_1_151' title='bbox 209 1822 320 1900; x_wconf 82' lang='lat' dir='ltr'>regiam</span> <span class='ocrx_word' id='word_1_152' title='bbox 332 1822 409 1899; x_wconf 79' lang='lat' dir='ltr'>pend</span> <span class='ocrx_word' id='word_1_153' title='bbox 424 1822 557 1881; x_wconf 88' lang='lat' dir='ltr'>confecit.</span> 
     </span>
     <span class='ocr_line' id='line_1_20' title="bbox 249 1900 1204 1979; baseline -0.004 -14"><span class='ocrx_word' id='word_1_154' title='bbox 249 1901 333 1965; x_wconf 82' lang='lat' dir='ltr'>Quid</span> <span class='ocrx_word' id='word_1_155' title='bbox 346 1902 440 1961; x_wconf 89' lang='lat' dir='ltr'>simile</span> <span class='ocrx_word' id='word_1_156' title='bbox 464 1901 605 1960; x_wconf 83' lang='lat' dir='ltr'>Milonisl</span> <span class='ocrx_word' id='word_1_157' title='bbox 636 1900 720 1978; x_wconf 82' lang='lat' dir='ltr'>cujus</span> <span class='ocrx_word' id='word_1_158' title='bbox 743 1901 786 1959; x_wconf 87' lang='lat' dir='ltr'>vis</span> <span class='ocrx_word' id='word_1_159' title='bbox 808 1901 903 1961; x_wconf 90' lang='lat' dir='ltr'>omnis</span> <span class='ocrx_word' id='word_1_160' title='bbox 926 1902 990 1959; x_wconf 82' lang='lat' dir='ltr'>haec</span> <span class='ocrx_word' id='word_1_161' title='bbox 1002 1920 1115 1979; x_wconf 90' lang='lat' dir='ltr'>semper</span> <span class='ocrx_word' id='word_1_162' title='bbox 1137 1903 1204 1976; x_wconf 88' lang='lat' dir='ltr'>fuit,</span> 
     </span>
     <span class='ocr_line' id='line_1_21' title="bbox 159 1978 1205 2059; baseline -0.001 -17"><span class='ocrx_word' id='word_1_163' title='bbox 159 1987 196 2042; x_wconf 74' lang='lat'>20</span> <span class='ocrx_word' id='word_1_164' title='bbox 210 2002 248 2041; x_wconf 87' lang='lat' dir='ltr'>ue</span> <span class='ocrx_word' id='word_1_165' title='bbox 261 1981 294 2040; x_wconf 88' lang='lat' dir='ltr'>P.</span> <span class='ocrx_word' id='word_1_166' title='bbox 309 1982 439 2053; x_wconf 86' lang='lat' dir='ltr'>Clodius,</span> <span class='ocrx_word' id='word_1_167' title='bbox 463 1978 532 2040; x_wconf 82' lang='lat' dir='ltr'>ciuu</span> <span class='ocrx_word' id='word_1_168' title='bbox 555 1980 585 2039; x_wconf 92' lang='lat' dir='ltr'>in</span> <span class='ocrx_word' id='word_1_169' title='bbox 606 1980 750 2058; x_wconf 85' lang='lat' dir='ltr'>judicium</span> <span class='ocrx_word' id='word_1_170' title='bbox 773 1981 886 2039; x_wconf 87' lang='lat' dir='ltr'>detrahi</span> <span class='ocrx_word' id='word_1_171' title='bbox 908 2000 965 2039; x_wconf 89' lang='lat' dir='ltr'>non</span> <span class='ocrx_word' id='word_1_172' title='bbox 984 1991 1090 2057; x_wconf 88' lang='lat' dir='ltr'>posset,</span> <span class='ocrx_word' id='word_1_173' title='bbox 1104 1982 1133 2039; x_wconf 86' lang='lat' dir='ltr'>vi</span> <span class='ocrx_word' id='word_1_174' title='bbox 1153 2002 1205 2059; x_wconf 86' lang='lat' dir='ltr'>op·</span> 
     </span>
     <span class='ocr_line' id='line_1_22' title="bbox 209 2059 1204 2139; baseline -0.002 -19"><span class='ocrx_word' id='word_1_175' title='bbox 209 2081 338 2139; x_wconf 87' lang='lat' dir='ltr'>pressam</span> <span class='ocrx_word' id='word_1_176' title='bbox 362 2061 508 2120; x_wconf 87' lang='lat' dir='ltr'>civitatem</span> <span class='ocrx_word' id='word_1_177' title='bbox 534 2070 654 2119; x_wconf 89' lang='lat' dir='ltr'>teneret.</span> <span class='ocrx_word' id='word_1_178' title='bbox 705 2060 806 2122; x_wconf 80' lang='lat' dir='ltr'>Quem</span> <span class='ocrx_word' id='word_1_179' title='bbox 825 2061 850 2118; x_wconf 89' lang='lat' dir='ltr'>si</span> <span class='ocrx_word' id='word_1_180' title='bbox 871 2059 1031 2119; x_wconf 85' lang='lat' dir='ltr'>interlicere</span> <span class='ocrx_word' id='word_1_181' title='bbox 1053 2060 1204 2134; x_wconf 87' lang='lat' dir='ltr'>voluisset,</span> 
     </span>
     <span class='ocr_line' id='line_1_23' title="bbox 210 2138 1206 2218; baseline -0.001 -18"><span class='ocrx_word' id='word_1_182' title='bbox 210 2153 335 2218; x_wconf 79' lang='lat' dir='ltr'>quante,</span> <span class='ocrx_word' id='word_1_183' title='bbox 359 2142 470 2217; x_wconf 86' lang='lat' dir='ltr'>quoties</span> <span class='ocrx_word' id='word_1_184' title='bbox 492 2140 671 2212; x_wconf 89' lang='lat' dir='ltr'>occasiones,</span> <span class='ocrx_word' id='word_1_185' title='bbox 686 2138 774 2216; x_wconf 77' lang='lat' dir='ltr'>qudm</span> <span class='ocrx_word' id='word_1_186' title='bbox 796 2141 951 2216; x_wconf 73' lang='lat' dir='ltr'>praeclare,</span> <span class='ocrx_word' id='word_1_187' title='bbox 966 2140 1097 2198; x_wconf 86' lang='lat' dir='ltr'>fuerunt-l</span> <span class='ocrx_word' id='word_1_188' title='bbox 1145 2140 1206 2199; x_wconf 91' lang='lat' dir='ltr'>Po·</span> 
     </span>
     <span class='ocr_line' id='line_1_24' title="bbox 210 2218 1203 2296; baseline -0.001 -18"><span class='ocrx_word' id='word_1_189' title='bbox 210 2220 314 2293; x_wconf 90' lang='lat' dir='ltr'>tuitne,</span> <span class='ocrx_word' id='word_1_190' title='bbox 329 2219 398 2279; x_wconf 78' lang='lat' dir='ltr'>cum</span> <span class='ocrx_word' id='word_1_191' title='bbox 411 2223 527 2281; x_wconf 90' lang='lat' dir='ltr'>domum</span> <span class='ocrx_word' id='word_1_192' title='bbox 552 2239 587 2279; x_wconf 87' lang='lat' dir='ltr'>ac</span> <span class='ocrx_word' id='word_1_193' title='bbox 600 2220 680 2279; x_wconf 87' lang='lat' dir='ltr'>Deos</span> <span class='ocrx_word' id='word_1_194' title='bbox 701 2229 823 2296; x_wconf 89' lang='lat' dir='ltr'>penates</span> <span class='ocrx_word' id='word_1_195' title='bbox 845 2239 921 2291; x_wconf 89' lang='lat' dir='ltr'>suos,</span> <span class='ocrx_word' id='word_1_196' title='bbox 936 2218 985 2277; x_wconf 90' lang='lat' dir='ltr'>illo</span> <span class='ocrx_word' id='word_1_197' title='bbox 1006 2225 1203 2296; x_wconf 85' lang='lat' dir='ltr'>oppugnante,</span> 
     </span>
     <span class='ocr_line' id='line_1_25' title="bbox 212 2297 1204 2378; baseline 0 -20"><span class='ocrx_word' id='word_1_198' title='bbox 212 2300 390 2373; x_wconf 88' lang='lat' dir='ltr'>defenderet,</span> <span class='ocrx_word' id='word_1_199' title='bbox 402 2301 466 2378; x_wconf 87' lang='lat' dir='ltr'>jure</span> <span class='ocrx_word' id='word_1_200' title='bbox 487 2320 519 2359; x_wconf 90' lang='lat' dir='ltr'>se</span> <span class='ocrx_word' id='word_1_201' title='bbox 539 2300 665 2359; x_wconf 80' lang='lat' dir='ltr'>ulciscil</span> <span class='ocrx_word' id='word_1_202' title='bbox 695 2299 836 2375; x_wconf 88' lang='lat' dir='ltr'>potuitne,</span> <span class='ocrx_word' id='word_1_203' title='bbox 859 2299 923 2357; x_wconf 89' lang='lat' dir='ltr'>cive</span> <span class='ocrx_word' id='word_1_204' title='bbox 946 2297 1073 2375; x_wconf 84' lang='lat' dir='ltr'>egregio,</span> <span class='ocrx_word' id='word_1_205' title='bbox 1093 2308 1123 2357; x_wconf 90' lang='lat' dir='ltr'>et</span> <span class='ocrx_word' id='word_1_206' title='bbox 1142 2299 1204 2358; x_wconf 86' lang='lat' dir='ltr'>viro</span> 
     </span>
     <span class='ocr_line' id='line_1_26' title="bbox 160 2378 1200 2456; baseline -0.001 -20"><span class='ocrx_word' id='word_1_207' title='bbox 160 2381 196 2435; x_wconf 76' lang='lat'>25</span> <span class='ocrx_word' id='word_1_208' title='bbox 212 2379 375 2450; x_wconf 88' lang='lat' dir='ltr'>fortissimo,</span> <span class='ocrx_word' id='word_1_209' title='bbox 399 2380 431 2438; x_wconf 86' lang='lat' dir='ltr'>P.</span> <span class='ocrx_word' id='word_1_210' title='bbox 456 2380 565 2452; x_wconf 86' lang='lat' dir='ltr'>Sextio,</span> <span class='ocrx_word' id='word_1_211' title='bbox 590 2379 702 2456; x_wconf 77' lang='lat' dir='ltr'>collegat</span> <span class='ocrx_word' id='word_1_212' title='bbox 724 2397 785 2451; x_wconf 88' lang='lat' dir='ltr'>suo,</span> <span class='ocrx_word' id='word_1_213' title='bbox 809 2378 979 2436; x_wconf 68' lang='lat' dir='ltr'>vulnerato?</span> <span class='ocrx_word' id='word_1_214' title='bbox 999 2379 1139 2453; x_wconf 86' lang='lat' dir='ltr'>potuitne,</span> <span class='ocrx_word' id='word_1_215' title='bbox 1159 2378 1200 2440; x_wconf 80' lang='lat' dir='ltr'>Q.</span> 
     </span>
     <span class='ocr_line' id='line_1_27' title="bbox 211 2456 1201 2535; baseline 0 -20"><span class='ocrx_word' id='word_1_216' title='bbox 211 2457 358 2529; x_wconf 82' lang='lat' dir='ltr'>Fabricio,</span> <span class='ocrx_word' id='word_1_217' title='bbox 384 2459 446 2517; x_wconf 83' lang='lat' dir='ltr'>viro</span> <span class='ocrx_word' id='word_1_218' title='bbox 470 2458 587 2535; x_wconf 90' lang='lat' dir='ltr'>optimo,</span> <span class='ocrx_word' id='word_1_219' title='bbox 608 2456 677 2516; x_wconf 79' lang='lat' dir='ltr'>oiim</span> <span class='ocrx_word' id='word_1_220' title='bbox 698 2459 734 2516; x_wconf 89' lang='lat' dir='ltr'>de</span> <span class='ocrx_word' id='word_1_221' title='bbox 754 2458 869 2516; x_wconf 89' lang='lat' dir='ltr'>redditu</span> <span class='ocrx_word' id='word_1_222' title='bbox 895 2476 960 2515; x_wconf 91' lang='lat' dir='ltr'>meo</span> <span class='ocrx_word' id='word_1_223' title='bbox 985 2457 1081 2534; x_wconf 83' lang='lat' dir='ltr'>legem</span> <span class='ocrx_word' id='word_1_224' title='bbox 1102 2458 1201 2529; x_wconf 86' lang='lat' dir='ltr'>ferret,</span> 
     </span>
     <span class='ocr_line' id='line_1_28' title="bbox 210 2535 1200 2612; baseline 0 -19"><span class='ocrx_word' id='word_1_225' title='bbox 210 2535 303 2611; x_wconf 90' lang='lat' dir='ltr'>pulso,</span> <span class='ocrx_word' id='word_1_226' title='bbox 318 2536 518 2594; x_wconf 72' lang='lat' dir='ltr'>crudelissimis</span> <span class='ocrx_word' id='word_1_227' title='bbox 531 2537 561 2595; x_wconf 93' lang='lat' dir='ltr'>in</span> <span class='ocrx_word' id='word_1_228' title='bbox 576 2538 636 2596; x_wconf 87' lang='lat' dir='ltr'>foro</span> <span class='ocrx_word' id='word_1_229' title='bbox 650 2537 730 2595; x_wconf 85' lang='lat' dir='ltr'>caede</span> <span class='ocrx_word' id='word_1_230' title='bbox 754 2536 854 2595; x_wconf 77' lang='lat' dir='ltr'>fuctil</span> <span class='ocrx_word' id='word_1_231' title='bbox 874 2535 1015 2612; x_wconf 88' lang='lat' dir='ltr'>potuitne,</span> <span class='ocrx_word' id='word_1_232' title='bbox 1030 2537 1063 2594; x_wconf 95' lang='lat' dir='ltr'>L.</span> <span class='ocrx_word' id='word_1_233' title='bbox 1078 2536 1200 2609; x_wconf 76' lang='lat' dir='ltr'>Caecilii,</span> 
     </span>
     <span class='ocr_line' id='line_1_29' title="bbox 219 2613 1202 2713; baseline 0.002 -42"><span class='ocrx_word' id='word_1_234' title='bbox 219 2613 370 2690; x_wconf 89' lang='lat' dir='ltr'>justissimi</span> <span class='ocrx_word' id='word_1_235' title='bbox 383 2614 586 2691; x_wconf 86' lang='lat' dir='ltr'>fortissimique</span> <span class='ocrx_word' id='word_1_236' title='bbox 604 2615 744 2691; x_wconf 79' lang='lat' dir='ltr'>praetoris,</span> <span class='ocrx_word' id='word_1_237' title='bbox 758 2616 924 2713; x_wconf 72' lang='lat' dir='ltr'>oppugnati</span> <span class='ocrx_word' id='word_1_238' title='bbox 947 2616 1054 2675; x_wconf 80' lang='lat' dir='ltr'>domol</span> <span class='ocrx_word' id='word_1_239' title='bbox 1073 2615 1202 2691; x_wconf 92' lang='lat' dir='ltr'>potuitne</span> 
     </span>
     <span class='ocr_line' id='line_1_30' title="bbox 212 2692 1203 2766; baseline 0.002 -14"><span class='ocrx_word' id='word_1_240' title='bbox 212 2693 261 2752; x_wconf 88' lang='lat' dir='ltr'>illc</span> <span class='ocrx_word' id='word_1_241' title='bbox 287 2693 345 2766; x_wconf 92' lang='lat' dir='ltr'>die,</span> <span class='ocrx_word' id='word_1_242' title='bbox 366 2692 434 2752; x_wconf 81' lang='lat' dir='ltr'>ciun</span> <span class='ocrx_word' id='word_1_243' title='bbox 457 2703 501 2751; x_wconf 90' lang='lat' dir='ltr'>est</span> <span class='ocrx_word' id='word_1_244' title='bbox 520 2694 580 2753; x_wconf 88' lang='lat' dir='ltr'>lata</span> <span class='ocrx_word' id='word_1_245' title='bbox 598 2696 646 2754; x_wconf 83' lang='lat' dir='ltr'>lex</span> <span class='ocrx_word' id='word_1_246' title='bbox 666 2695 703 2752; x_wconf 94' lang='lat' dir='ltr'>de</span> <span class='ocrx_word' id='word_1_247' title='bbox 726 2697 795 2753; x_wconf 82' lang='lat' dir='ltr'>mel</span> <span class='ocrx_word' id='word_1_248' title='bbox 817 2714 886 2753; x_wconf 89' lang='lat' dir='ltr'>cum</span> <span class='ocrx_word' id='word_1_249' title='bbox 909 2695 996 2754; x_wconf 91' lang='lat' dir='ltr'>totius</span> <span class='ocrx_word' id='word_1_250' title='bbox 1022 2694 1114 2753; x_wconf 73' lang='lat' dir='ltr'>Italic</span> <span class='ocrx_word' id='word_1_251' title='bbox 1132 2714 1203 2754; x_wconf 91' lang='lat' dir='ltr'>con·</span> 
     </span>
     <span class='ocr_line' id='line_1_31' title="bbox 160 2773 1203 2852; baseline -0.001 -19"><span class='ocrx_word' id='word_1_252' title='bbox 160 2778 197 2833; x_wconf 77' lang='lat'>30</span> <span class='ocrx_word' id='word_1_253' title='bbox 212 2791 324 2845; x_wconf 90' lang='lat' dir='ltr'>cursus,</span> <span class='ocrx_word' id='word_1_254' title='bbox 338 2792 424 2848; x_wconf 89' lang='lat' dir='ltr'>quem</span> <span class='ocrx_word' id='word_1_255' title='bbox 437 2792 503 2831; x_wconf 90' lang='lat' dir='ltr'>mea</span> <span class='ocrx_word' id='word_1_256' title='bbox 516 2775 594 2832; x_wconf 86' lang='lat' dir='ltr'>salus</span> <span class='ocrx_word' id='word_1_257' title='bbox 607 2774 777 2846; x_wconf 69' lang='lat' dir='ltr'>concitarat,</span> <span class='ocrx_word' id='word_1_258' title='bbox 792 2775 862 2832; x_wconf 87' lang='lat' dir='ltr'>facti</span> <span class='ocrx_word' id='word_1_259' title='bbox 876 2774 954 2833; x_wconf 86' lang='lat' dir='ltr'>illius</span> <span class='ocrx_word' id='word_1_260' title='bbox 967 2773 1087 2852; x_wconf 84' lang='lat' dir='ltr'>glorium</span> <span class='ocrx_word' id='word_1_261' title='bbox 1109 2774 1203 2832; x_wconf 88' lang='lat' dir='ltr'>libens</span> 
     </span>
     <span class='ocr_line' id='line_1_32' title="bbox 213 2851 1202 2929; baseline 0.003 -20"><span class='ocrx_word' id='word_1_262' title='bbox 213 2851 393 2929; x_wconf 84' lang='lat' dir='ltr'>agnovisset:</span> <span class='ocrx_word' id='word_1_263' title='bbox 413 2863 456 2924; x_wconf 91' lang='lat' dir='ltr'>ut,</span> <span class='ocrx_word' id='word_1_264' title='bbox 470 2853 558 2911; x_wconf 87' lang='lat' dir='ltr'>etium</span> <span class='ocrx_word' id='word_1_265' title='bbox 571 2854 596 2911; x_wconf 89' lang='lat' dir='ltr'>si</span> <span class='ocrx_word' id='word_1_266' title='bbox 609 2854 639 2911; x_wconf 91' lang='lat' dir='ltr'>id</span> <span class='ocrx_word' id='word_1_267' title='bbox 653 2853 727 2912; x_wconf 91' lang='lat' dir='ltr'>Milo</span> <span class='ocrx_word' id='word_1_268' title='bbox 747 2854 872 2926; x_wconf 86' lang='lat' dir='ltr'>fecisset,</span> <span class='ocrx_word' id='word_1_269' title='bbox 887 2864 996 2912; x_wconf 90' lang='lat' dir='ltr'>cuncta</span> <span class='ocrx_word' id='word_1_270' title='bbox 1017 2852 1117 2911; x_wconf 84' lang='lat' dir='ltr'>civitas</span> <span class='ocrx_word' id='word_1_271' title='bbox 1136 2872 1202 2912; x_wconf 90' lang='lat' dir='ltr'>eam</span> 
     </span>
     <span class='ocr_line' id='line_1_33' title="bbox 211 2932 925 3009; baseline 0.006 -20"><span class='ocrx_word' id='word_1_272' title='bbox 211 2932 328 2989; x_wconf 89' lang='lat' dir='ltr'>laudem</span> <span class='ocrx_word' id='word_1_273' title='bbox 340 2934 458 3009; x_wconf 75' lang='lat' dir='ltr'>proauis</span> <span class='ocrx_word' id='word_1_274' title='bbox 471 2932 638 2991; x_wconf 88' lang='lat' dir='ltr'>vindicaret.</span> <span class='ocrx_word' id='word_1_275' title='bbox 921 2973 925 2976; x_wconf 93' lang='lat'>-</span> 
     </span>
     <span class='ocr_line' id='line_1_34' title="bbox 251 3010 1203 3089; baseline -0.002 -20"><span class='ocrx_word' id='word_1_276' title='bbox 251 3010 320 3070; x_wconf 85' lang='lat' dir='ltr'>XV.</span> <span class='ocrx_word' id='word_1_277' title='bbox 365 3012 456 3088; x_wconf 88' lang='lat' dir='ltr'>Atqui</span> <span class='ocrx_word' id='word_1_278' title='bbox 479 3020 542 3069; x_wconf 88' lang='lat' dir='ltr'>erat</span> <span class='ocrx_word' id='word_1_279' title='bbox 564 3012 594 3070; x_wconf 93' lang='lat' dir='ltr'>id</span> <span class='ocrx_word' id='word_1_280' title='bbox 617 3012 752 3089; x_wconf 88' lang='lat' dir='ltr'>temporis</span> <span class='ocrx_word' id='word_1_281' title='bbox 780 3012 957 3071; x_wconf 88' lang='lat' dir='ltr'>clarissimus</span> <span class='ocrx_word' id='word_1_282' title='bbox 980 3023 1010 3072; x_wconf 92' lang='lat' dir='ltr'>et</span> <span class='ocrx_word' id='word_1_283' title='bbox 1032 3010 1203 3071; x_wconf 83' lang='lat' dir='ltr'>fortissimus</span> 
     </span>
     <span class='ocr_line' id='line_1_35' title="bbox 212 3090 1203 3165; baseline -0.002 -15"><span class='ocrx_word' id='word_1_284' title='bbox 212 3091 323 3164; x_wconf 87' lang='lat' dir='ltr'>consul,</span> <span class='ocrx_word' id='word_1_285' title='bbox 337 3090 473 3150; x_wconf 89' lang='lat' dir='ltr'>inimicus</span> <span class='ocrx_word' id='word_1_286' title='bbox 486 3090 598 3164; x_wconf 87' lang='lat' dir='ltr'>Clodio,</span> <span class='ocrx_word' id='word_1_287' title='bbox 612 3091 644 3149; x_wconf 88' lang='lat' dir='ltr'>P.</span> <span class='ocrx_word' id='word_1_288' title='bbox 659 3091 811 3164; x_wconf 89' lang='lat' dir='ltr'>Lentulus,</span> <span class='ocrx_word' id='word_1_289' title='bbox 825 3092 899 3151; x_wconf 85' lang='lat' dir='ltr'>ultor</span> <span class='ocrx_word' id='word_1_290' title='bbox 910 3092 1027 3150; x_wconf 88' lang='lat' dir='ltr'>sceleris</span> <span class='ocrx_word' id='word_1_291' title='bbox 1041 3091 1126 3162; x_wconf 90' lang='lat' dir='ltr'>illius,</span> <span class='ocrx_word' id='word_1_292' title='bbox 1139 3109 1203 3165; x_wconf 90' lang='lat' dir='ltr'>pro-</span> 
     </span>
     <span class='ocr_line' id='line_1_36' title="bbox 161 3168 1203 3249; baseline -0.002 -23"><span class='ocrx_word' id='word_1_293' title='bbox 161 3172 196 3226; x_wconf 77' lang='lat'>35</span> <span class='ocrx_word' id='word_1_294' title='bbox 211 3182 354 3249; x_wconf 82' lang='lat' dir='ltr'>pugnator</span> <span class='ocrx_word' id='word_1_295' title='bbox 374 3171 501 3243; x_wconf 66' lang='lat' dir='ltr'>senatuis,</span> <span class='ocrx_word' id='word_1_296' title='bbox 516 3172 648 3230; x_wconf 85' lang='lat' dir='ltr'>defensor</span> <span class='ocrx_word' id='word_1_297' title='bbox 671 3182 772 3230; x_wconf 77' lang='lat' dir='ltr'>vestrae</span> <span class='ocrx_word' id='word_1_298' title='bbox 796 3171 961 3242; x_wconf 85' lang='lat' dir='ltr'>voluntatis,</span> <span class='ocrx_word' id='word_1_299' title='bbox 975 3180 1114 3246; x_wconf 89' lang='lat' dir='ltr'>patronus</span> <span class='ocrx_word' id='word_1_300' title='bbox 1127 3168 1203 3227; x_wconf 89' lang='lat' dir='ltr'>illius</span> 
     </span>
     <span class='ocr_line' id='line_1_37' title="bbox 211 3250 1203 3326; baseline -0.003 -19"><span class='ocrx_word' id='word_1_301' title='bbox 211 3251 321 3326; x_wconf 88' lang='lat' dir='ltr'>publici</span> <span class='ocrx_word' id='word_1_302' title='bbox 342 3251 509 3321; x_wconf 74' lang='lat' dir='ltr'>consensius,</span> <span class='ocrx_word' id='word_1_303' title='bbox 522 3250 667 3308; x_wconf 88' lang='lat' dir='ltr'>restitutor</span> <span class='ocrx_word' id='word_1_304' title='bbox 691 3250 791 3309; x_wconf 88' lang='lat' dir='ltr'>salutis</span> <span class='ocrx_word' id='word_1_305' title='bbox 814 3270 904 3321; x_wconf 85' lang='lat' dir='ltr'>meae;</span> <span class='ocrx_word' id='word_1_306' title='bbox 926 3260 1036 3325; x_wconf 88' lang='lat' dir='ltr'>septem</span> <span class='ocrx_word' id='word_1_307' title='bbox 1059 3259 1203 3324; x_wconf 77' lang='lat' dir='ltr'>pretores,</span> 
     </span>
     <span class='ocr_line' id='line_1_38' title="bbox 211 3326 1202 3404; baseline -0.002 -19"><span class='ocrx_word' id='word_1_308' title='bbox 211 3338 278 3386; x_wconf 86' lang='lat' dir='ltr'>octo</span> <span class='ocrx_word' id='word_1_309' title='bbox 304 3328 538 3404; x_wconf 88' lang='lat' dir='ltr'>tribuniplebis,</span> <span class='ocrx_word' id='word_1_310' title='bbox 562 3330 640 3388; x_wconf 89' lang='lat' dir='ltr'>illius</span> <span class='ocrx_word' id='word_1_311' title='bbox 664 3329 829 3399; x_wconf 87' lang='lat' dir='ltr'>adversarii,</span> <span class='ocrx_word' id='word_1_312' title='bbox 854 3329 1019 3386; x_wconf 88' lang='lat' dir='ltr'>defensores</span> <span class='ocrx_word' id='word_1_313' title='bbox 1039 3329 1115 3398; x_wconf 91' lang='lat' dir='ltr'>mei;</span> <span class='ocrx_word' id='word_1_314' title='bbox 1147 3326 1202 3384; x_wconf 85' lang='lat' dir='ltr'>Cn.</span> 
     </span>
     <span class='ocr_line' id='line_1_39' title="bbox 212 3404 1205 3481; baseline 0 -20"><span class='ocrx_word' id='word_1_315' title='bbox 212 3404 367 3481; x_wconf 89' lang='lat' dir='ltr'>Pompeius</span> <span class='ocrx_word' id='word_1_316' title='bbox 381 3417 480 3466; x_wconf 89' lang='lat' dir='ltr'>auctor</span> <span class='ocrx_word' id='word_1_317' title='bbox 493 3417 523 3465; x_wconf 88' lang='lat' dir='ltr'>et</span> <span class='ocrx_word' id='word_1_318' title='bbox 536 3408 595 3467; x_wconf 86' lang='lat' dir='ltr'>dux</span> <span class='ocrx_word' id='word_1_319' title='bbox 607 3407 665 3473; x_wconf 89' lang='lat' dir='ltr'>mei</span> <span class='ocrx_word' id='word_1_320' title='bbox 686 3407 805 3476; x_wconf 80' lang='lat' dir='ltr'>reditds,</span> <span class='ocrx_word' id='word_1_321' title='bbox 820 3406 897 3463; x_wconf 89' lang='lat' dir='ltr'>illius</span> <span class='ocrx_word' id='word_1_322' title='bbox 910 3406 1016 3476; x_wconf 82' lang='lat' dir='ltr'>bostis3</span> <span class='ocrx_word' id='word_1_323' title='bbox 1038 3406 1122 3478; x_wconf 91' lang='lat' dir='ltr'>cujus</span> <span class='ocrx_word' id='word_1_324' title='bbox 1142 3424 1205 3462; x_wconf 87' lang='lat' dir='ltr'>sen·</span> 
     </span>
     <span class='ocr_line' id='line_1_40' title="bbox 212 3481 1283 3559; baseline 0.002 -20"><span class='ocrx_word' id='word_1_325' title='bbox 212 3483 333 3540; x_wconf 88' lang='lat' dir='ltr'>tentiam</span> <span class='ocrx_word' id='word_1_326' title='bbox 356 3495 474 3542; x_wconf 87' lang='lat' dir='ltr'>senatus</span> <span class='ocrx_word' id='word_1_327' title='bbox 496 3486 590 3543; x_wconf 92' lang='lat' dir='ltr'>omnis</span> <span class='ocrx_word' id='word_1_328' title='bbox 612 3488 649 3544; x_wconf 89' lang='lat' dir='ltr'>de</span> <span class='ocrx_word' id='word_1_329' title='bbox 669 3487 762 3544; x_wconf 86' lang='lat' dir='ltr'>salute</span> <span class='ocrx_word' id='word_1_330' title='bbox 782 3484 848 3544; x_wconf 73' lang='lat' dir='ltr'>med</span> <span class='ocrx_word' id='word_1_331' title='bbox 868 3481 1066 3559; x_wconf 84' lang='lat' dir='ltr'>gravissimam</span> <span class='ocrx_word' id='word_1_332' title='bbox 1080 3490 1109 3538; x_wconf 91' lang='lat' dir='ltr'>et</span> <span class='ocrx_word' id='word_1_333' title='bbox 1122 3501 1205 3541; x_wconf 90' lang='lat' dir='ltr'>orna·</span> <span class='ocrx_word' id='word_1_334' title='bbox 1273 3515 1283 3530; x_wconf 84' lang='lat'>,</span> 
     </span>
     <span class='ocr_line' id='line_1_41' title="bbox 162 3560 1205 3640; baseline 0.005 -24"><span class='ocrx_word' id='word_1_335' title='bbox 162 3560 353 3620; x_wconf 73' lang='lat' dir='ltr'>tutissimam</span> <span class='ocrx_word' id='word_1_336' title='bbox 373 3574 491 3619; x_wconf 87' lang='lat' dir='ltr'>secutus</span> <span class='ocrx_word' id='word_1_337' title='bbox 511 3573 573 3621; x_wconf 88' lang='lat' dir='ltr'>est:</span> <span class='ocrx_word' id='word_1_338' title='bbox 604 3564 654 3637; x_wconf 92' lang='lat' dir='ltr'>qui</span> <span class='ocrx_word' id='word_1_339' title='bbox 680 3564 817 3640; x_wconf 91' lang='lat' dir='ltr'>populum</span> <span class='ocrx_word' id='word_1_340' title='bbox 844 3561 1013 3620; x_wconf 86' lang='lat' dir='ltr'>Romanum</span> <span class='ocrx_word' id='word_1_341' title='bbox 1040 3560 1205 3621; x_wconf 87' lang='lat' dir='ltr'>cohortatus</span> 
     </span>
     <span class='ocr_line' id='line_1_42' title="bbox 212 3637 1204 3716; baseline 0.001 -19"><span class='ocrx_word' id='word_1_342' title='bbox 212 3649 266 3712; x_wconf 92' lang='lat' dir='ltr'>est,</span> <span class='ocrx_word' id='word_1_343' title='bbox 287 3641 347 3715; x_wconf 89' lang='lat' dir='ltr'>qui,</span> <span class='ocrx_word' id='word_1_344' title='bbox 368 3638 436 3697; x_wconf 78' lang='lat' dir='ltr'>crim</span> <span class='ocrx_word' id='word_1_345' title='bbox 467 3640 504 3697; x_wconf 92' lang='lat' dir='ltr'>de</span> <span class='ocrx_word' id='word_1_346' title='bbox 533 3659 580 3698; x_wconf 89' lang='lat' dir='ltr'>me</span> <span class='ocrx_word' id='word_1_347' title='bbox 607 3641 755 3699; x_wconf 87' lang='lat' dir='ltr'>decretum</span> <span class='ocrx_word' id='word_1_348' title='bbox 776 3641 886 3715; x_wconf 76' lang='lat' dir='ltr'>Capuae</span> <span class='ocrx_word' id='word_1_349' title='bbox 907 3637 986 3710; x_wconf 87' lang='lat' dir='ltr'>fecit,</span> <span class='ocrx_word' id='word_1_350' title='bbox 1008 3638 1071 3716; x_wconf 91' lang='lat' dir='ltr'>ipse</span> <span class='ocrx_word' id='word_1_351' title='bbox 1091 3652 1204 3698; x_wconf 80' lang='lat' dir='ltr'>cuncte</span> 
     </span>
     <span class='ocr_line' id='line_1_43' title="bbox 212 3717 1204 3797; baseline 0.001 -20"><span class='ocrx_word' id='word_1_352' title='bbox 212 3718 305 3777; x_wconf 84' lang='lat' dir='ltr'>Italiae</span> <span class='ocrx_word' id='word_1_353' title='bbox 336 3717 474 3795; x_wconf 88' lang='lat' dir='ltr'>cupienti,</span> <span class='ocrx_word' id='word_1_354' title='bbox 502 3729 532 3776; x_wconf 89' lang='lat' dir='ltr'>et</span> <span class='ocrx_word' id='word_1_355' title='bbox 561 3718 623 3794; x_wconf 88' lang='lat' dir='ltr'>ejus</span> <span class='ocrx_word' id='word_1_356' title='bbox 652 3719 740 3777; x_wconf 86' lang='lat' dir='ltr'>tidem</span> <span class='ocrx_word' id='word_1_357' title='bbox 770 3718 944 3797; x_wconf 86' lang='lat' dir='ltr'>imploranti,</span> <span class='ocrx_word' id='word_1_358' title='bbox 975 3717 1092 3797; x_wconf 82' lang='lat' dir='ltr'>signum</span> <span class='ocrx_word' id='word_1_359' title='bbox 1115 3719 1204 3792; x_wconf 89' lang='lat' dir='ltr'>dedit,</span> 
     </span>
    </p>
   </div>
   <div class='ocr_carea' id='block_1_4' title="bbox 214 3796 1311 3872">
    <p class='ocr_par' dir='ltr' id='par_1_4' title="bbox 214 3796 1311 3872">
     <span class='ocr_line' id='line_1_44' title="bbox 214 3796 1311 3872; baseline 0.002 -15"><span class='ocrx_word' id='word_1_360' title='bbox 214 3809 255 3872; x_wconf 87' lang='lat' dir='ltr'>ut,</span> <span class='ocrx_word' id='word_1_361' title='bbox 283 3800 319 3857; x_wconf 90' lang='lat' dir='ltr'>ad</span> <span class='ocrx_word' id='word_1_362' title='bbox 352 3817 399 3856; x_wconf 92' lang='lat' dir='ltr'>me</span> <span class='ocrx_word' id='word_1_363' title='bbox 431 3797 651 3870; x_wconf 87' lang='lat' dir='ltr'>restituendum,</span> <span class='ocrx_word' id='word_1_364' title='bbox 685 3798 812 3857; x_wconf 88' lang='lat' dir='ltr'>Romam</span> <span class='ocrx_word' id='word_1_365' title='bbox 839 3810 1055 3859; x_wconf 89' lang='lat' dir='ltr'>concurrerent.</span> <span class='ocrx_word' id='word_1_366' title='bbox 1096 3798 1204 3858; x_wconf 87' lang='lat' dir='ltr'>Omnia</span> <span class='ocrx_word' id='word_1_367' title='bbox 1303 3796 1311 3802; x_wconf 77' lang='grc'><strong><em>’</em></strong></span> 
     </span>
    </p>
   </div>
   <div class='ocr_carea' id='block_1_5' title="bbox 212 3874 1204 3962">
    <p class='ocr_par' dir='ltr' id='par_1_5' title="bbox 212 3874 1204 3962">
     <span class='ocr_line' id='line_1_45' title="bbox 212 3874 1204 3962; baseline 0 -26"><span class='ocrx_word' id='word_1_368' title='bbox 212 3889 275 3937; x_wconf 90' lang='lat' dir='ltr'>tum</span> <span class='ocrx_word' id='word_1_369' title='bbox 289 3878 414 3962; x_wconf 90' lang='lat' dir='ltr'>denique</span> <span class='ocrx_word' id='word_1_370' title='bbox 427 3874 458 3942; x_wconf 87' lang='lat' dir='ltr'>in</span> <span class='ocrx_word' id='word_1_371' title='bbox 478 3876 561 3944; x_wconf 83' lang='lat' dir='ltr'>illum</span> <span class='ocrx_word' id='word_1_372' title='bbox 582 3876 650 3944; x_wconf 82' lang='lat' dir='ltr'>odia</span> <span class='ocrx_word' id='word_1_373' title='bbox 673 3876 780 3949; x_wconf 80' lang='lat' dir='ltr'>civium</span> <span class='ocrx_word' id='word_1_374' title='bbox 804 3880 944 3951; x_wconf 69' lang='lat' dir='ltr'>ardebant</span> <span class='ocrx_word' id='word_1_375' title='bbox 965 3879 1110 3950; x_wconf 74' lang='lat' dir='ltr'>desiderio</span> <span class='ocrx_word' id='word_1_376' title='bbox 1129 3875 1204 3947; x_wconf 81' lang='lat' dir='ltr'>mei:</span> 
     </span>
    </p>
   </div>
   <div class='ocr_carea' id='block_1_6' title="bbox 0 0 1350 4484">
    <p class='ocr_par' dir='ltr' id='par_1_6' title="bbox 0 0 1350 4484">
     <span class='ocr_line' id='line_1_46' title="bbox 0 0 1350 4484; baseline 0 1"><span class='ocrx_word' id='word_1_377' title='bbox 0 0 1350 4484; x_wconf 95' lang='lat' dir='ltr'> </span> 
     </span>
    </p>
   </div>
  </div>
 </body>
</html>
