2692 4484
346 314 482 365 ORATIO
503 313 573 364 PRO
593 314 626 363 Τ.
648 312 764 364 ANNIO
786 309 938 363 MILONE.
1128 317 1182 377 121

144 460 241 539 popuii
255 459 381 517 Romani
394 468 503 535 quanta
524 457 631 516 fuerint
653 457 771 535 gaudia,
782 456 923 533 judicare.
966 455 1077 514 Multas
1096 468 1138 515 ta·

145 559 214 598 men
231 539 291 615 jam
311 556 487 596 summorum
506 537 710 614 imperatorum
731 536 905 594 clarissimas
917 535 1055 594 victorias
1068 545 1138 593 aetas

146 628 243 677 nostra
275 616 356 688 vidit,
384 635 507 691 quarum
534 615 615 674 nulla
642 634 737 691 neque
763 624 823 674 tam
850 615 1017 673 diuturnam
1038 614 1135 673 attulit

146 697 284 766 letitiam,
298 715 355 754 nec
369 706 489 759 tantam.

185 774 326 833 Mandate
340 764 396 833 hirc
410 773 565 843 memorie,
577 772 700 848 judices.
742 772 833 848 Spero
851 772 1003 831 multatos
1018 771 1137 830 libero‘s·
1167 778 1185 831 5

147 874 202 931 que
216 864 324 912 vestros
338 854 368 912 in
388 852 537 930 republicis
558 853 634 909 bona
653 870 717 910 esse
736 851 853 909 visuros.
894 852 930 910 In
950 852 994 909 bis
1014 850 1136 929 singulis

147 934 188 991 ita
207 952 319 1009 semper
350 931 562 1002 existimabitis,
584 929 647 988 vivo
667 928 701 987 P.
722 929 835 1001 Clodio,
865 930 938 988 nihil
965 949 1065 989 eorum
1085 950 1135 989 vos

147 1013 257 1071 visuros
269 1012 375 1069 Xuisse.
417 1009 453 1069 In
467 1028 547 1086 spem
566 1009 732 1081 maximam,
746 1018 776 1066 et
796 1005 1050 1086 (quemadmodum
1069 1029 1137 1067 ron-

147 1091 218 1171 fido)
247 1090 446 1160 verissimam,
459 1088 577 1146 adducti
598 1106 707 1159 sumus,
728 1088 807 1145 hunc
828 1088 922 1164 ipsum
942 1107 1060 1159 annum,
1080 1089 1136 1146 boc

147 1170 211 1247 ipsc
238 1187 351 1226 summo
382 1168 443 1226 viro
475 1167 603 1238 consule,
638 1166 799 1244 compressi
833 1167 980 1225 hominum
1008 1167 1135 1239 licentis,
1151 1170 1206 1240 10,

149 1247 357 1323 cupiditatibus
369 1246 478 1317 fractis,
491 1245 604 1324 legibus
616 1256 646 1304 et
656 1246 775 1323 judiciis
791 1246 963 1317 constitutis,
983 1246 1138 1324 salutarem

150 1325 262 1385 civitati
282 1326 349 1384 sore.
400 1324 480 1383 Num
499 1325 563 1402 quis
589 1324 677 1402 igitur
704 1336 748 1384 est
775 1336 834 1384 tam
854 1326 982 1396 demens,
1002 1326 1052 1402 qui
1071 1327 1136 1398 boc,

149 1405 183 1463 P.
205 1405 308 1462 Clodio
327 1404 399 1475 vivo,
420 1405 586 1482 contingere
605 1406 732 1480 potuisse
753 1404 927 1463 arbitretur?
954 1404 1060 1466 Quidt
1091 1424 1136 1478 ea,

79 1515 81 1522 ·
146 1503 214 1560 ⁴quae
228 1483 342 1554 tenetis,
355 1484 466 1560 privata
479 1494 564 1560 atque
577 1494 682 1556 vestra,
699 1485 866 1543 dominante
886 1484 1002 1542 homine
1023 1484 1136 1555 furioso,

148 1563 225 1640 quod
235 1562 283 1639 jus
295 1573 438 1639 perpetuae
451 1562 637 1640 possessionis
650 1563 758 1622 habere
771 1563 952 1641 potuissent?
1151 1562 1185 1615 15

188 1640 306 1699 XXIX.
348 1641 417 1700 Non
451 1643 549 1714 timeo,
580 1642 706 1719 judices,
740 1662 788 1714 ne,
821 1642 888 1701 odio
920 1640 1138 1700 inimicitiarum

148 1737 277 1778 mearum
292 1719 496 1794 inflammatus,
510 1721 649 1780 libentibs
662 1724 727 1780 haec
740 1722 772 1781 in
785 1722 867 1780 illum
881 1740 1012 1779 evomere
1030 1719 1137 1793 videar,

148 1796 235 1875 quim
248 1797 352 1859 verius.
394 1800 522 1871 Etenim,
536 1801 591 1859 etsi
603 1802 781 1879 praecipuum
802 1820 866 1859 esse
880 1800 1019 1871 debebat3
1040 1809 1137 1858 tamen

149 1878 189 1935 ita
209 1879 370 1937 communis
390 1889 452 1937 erat
470 1879 601 1938 omnium
621 1880 670 1939 ille
691 1880 789 1952 hostis,
804 1890 836 1938 ut
856 1879 885 1937 in
907 1879 1052 1937 communi
1072 1880 1138 1938 odio

147 1955 222 2033 pene
246 1958 393 2033 aqualiter
413 1970 575 2018 versaretur
600 1960 699 2018 odium
726 1979 831 2018 meum.
873 1958 942 2017 Non
968 1968 1060 2035 potest
1078 1957 1186 2020 dicito

150 2036 228 2106 satis,
243 2056 280 2095 ne
293 2037 415 2113 cogitari
429 2037 556 2111 quidem,
571 2049 710 2114 quantum
729 2039 760 2097 in
780 2039 830 2096 illo
848 2037 976 2109 sceleris,
1000 2047 1138 2113 quantum

150 2114 239 2185 exitii,
254 2115 348 2172 fuerit.
389 2115 473 2176 Quin
486 2115 530 2174 sic
552 2118 701 2189 attendite,
722 2118 843 2193 judices.
884 2115 999 2193 Nempe
1012 2115 1076 2173 haec
1096 2126 1139 2174 cst

149 2193 269 2268 questio
282 2193 318 2250 de
332 2192 497 2251 interituP.
511 2195 616 2254 Clodii.
657 2194 775 2273 Fingite
799 2196 921 2254 animis:
942 2195 1040 2254 liberae
1060 2195 1138 2253 enim

149 2281 216 2329 sunt
231 2271 420 2348 cogitationes
432 2283 546 2346 nostrae,
560 2285 598 2346 et,
613 2294 676 2349 quae
696 2276 803 2347 volunt,
817 2277 861 2334 sic
880 2275 1037 2346 intuentur,
1051 2285 1084 2332 ut
1103 2293 1138 2332 ea

149 2351 305 2421 cernimus,
327 2370 391 2426 quse
411 2352 549 2411 videmus.
590 2353 708 2431 Fingite
735 2354 822 2432 igitur
843 2353 1017 2432 cogitatione
1037 2354 1138 2431 imagi·
1151 2359 1187 2413 25

148 2447 216 2487 nern
230 2430 317 2504 hujus
337 2431 510 2489 conditionis
533 2451 614 2504 meae,
636 2435 660 2491 si
680 2435 786 2510 possim
806 2435 930 2505 efficere,
945 2442 977 2490 ut
997 2431 1137 2491 Milonem

149 2507 312 2580 absolvatis,
333 2509 384 2567 sed
413 2510 464 2581 ita,
492 2510 517 2567 si
536 2510 569 2569 P.
597 2512 719 2571 Clodius
750 2513 892 2572 revixerit
940 2512 1023 2575 Quid
1057 2511 1136 2569 vultu

147 2586 342 2646 extimuistis?
362 2607 486 2664 quonam
500 2591 585 2649 modo
597 2591 646 2649 ille
659 2612 709 2650 vos
722 2592 803 2650 vivus
824 2592 959 2663 afficeret,
974 2610 1045 2667 quos
1064 2609 1138 2649 rnor-

146 2673 214 2723 tuus
228 2666 308 2731 inani
329 2665 502 2744 cogitatione
521 2671 683 2746 percussit?
723 2670 828 2733 Quidt
848 2671 873 2729 si
896 2671 957 2747 ipse
978 2671 1033 2729 Cn.
1054 2669 1137 2728 Pom-

146 2744 237 2819 peius,
252 2745 301 2820 qui
322 2746 358 2804 eb
377 2746 482 2805 virtute
503 2767 539 2806 ac
559 2749 672 2807 fortuna
693 2759 746 2822 est,
767 2759 798 2808 ut
817 2769 853 2809 ea
872 2749 995 2826 potuerit
1015 2768 1135 2825 semper,
1150 2752 1186 2806 30

146 2841 210 2897 quae
229 2843 315 2882 nemo
332 2835 435 2901 praeter
457 2827 555 2898 ilium3
576 2829 601 2886 si
622 2829 656 2899 is,
678 2828 805 2905 inquam,
825 2829 972 2907 potuisset,
997 2839 1028 2887 ut
1047 2847 1138 2904 quaes-

148 2901 255 2959 tionem
268 2903 305 2960 de
318 2915 409 2962 morte
429 2905 463 2963 P.
478 2906 575 2964 Clodii
602 2908 688 2978 ferre,
709 2908 752 2965 sic
772 2908 864 2984 ipsum
885 2908 922 2965 ab
942 2907 1041 2966 inferis
1061 2907 1138 2965 exci-

146 2987 224 3050 tare3
246 2990 343 3039 utrum
355 2984 463 3059 putatis
476 2982 571 3061 potitis
579 2986 724 3044 facturum
738 2985 846 3064 fuisset
876 2984 973 3044 Etiam
981 2987 1016 3058 si,
1024 2996 1137 3063 propter

148 3058 316 3130 amicitiam,
330 3061 467 3119 voluisset
486 3063 567 3121 illurn
588 3066 625 3122 sb
644 3065 746 3123 inferis
765 3083 911 3136 revocare,
930 3075 1044 3142 propter
1064 3083 1138 3123 rem·

146 3136 294 3213 publicam
320 3157 378 3196 non
398 3140 523 3199 fecisset.
577 3142 649 3218 Ejus
669 3143 758 3220 igitur
777 3144 876 3202 mortis
896 3143 1002 3202 sedetis
1022 3143 1137 3214 ultores,
1151 3141 1187 3196 35

147 3215 231 3304 cujus
253 3214 342 3273 vitam
364 3215 389 3274 si
408 3219 515 3293 putetis
533 3240 584 3296 per
604 3241 654 3280 vos
673 3222 785 3280 restitui
804 3242 897 3299 posse,
917 3222 1031 3280 nolitis:
1052 3232 1082 3279 et
1102 3224 1138 3280 dc

146 3312 209 3369 ejus
229 3313 303 3352 nece
322 3294 382 3353 lats
409 3297 529 3371 questio
548 3309 601 3371 est,
629 3301 679 3374 qui
699 3301 724 3360 si
754 3301 857 3360 eidem
883 3302 948 3378 lege
967 3300 1137 3360 reviviscere

132 3382 249 3448 posset,
263 3372 324 3432 lata
335 3374 383 3433 lex
402 3394 551 3453 nunquam
571 3390 654 3437 esset.
696 3379 793 3457 Hujus
812 3400 882 3457 ergo
901 3381 1067 3439 interfector
1086 3381 1136 3456 qui

145 3460 230 3523 esset,
244 3451 276 3510 in
289 3453 455 3513 confitendo
475 3457 512 3513 ab
525 3457 600 3515 iisne
620 3478 737 3535 poenam
756 3459 880 3531 timeret,
901 3479 972 3534 quos
991 3460 1136 3518 liberavis-

145 3531 209 3587 sett
241 3531 337 3590 Greci
357 3533 489 3592 homines
509 3535 638 3594 Deorum
651 3539 774 3597 honores
792 3538 922 3597 tribuunt
942 3540 978 3598 iis
997 3539 1066 3598 viris
1086 3540 1136 3615 qui
1150 3550 1186 3603 40

144 3617 477 3697 tyrannosnecaverunt.
517 3613 595 3676 Quae
618 3636 673 3694 ego
688 3617 748 3676 vidi
768 3617 907 3678 Athenis!
930 3638 993 3694 qum
1018 3618 1082 3677 aliis
1105 3619 1136 3677 in

145 3686 265 3744 urbibus
283 3687 420 3748 Graeciae!
448 3712 521 3768 quas
539 3714 586 3753 res
611 3696 724 3755 divinas
750 3697 856 3755 talibus
878 3694 1028 3756 'institutas
1047 3697 1135 3755 viris!

104 3784 108 3788 ·
144 3784 216 3857 quos
230 3768 349 3825 centusi
370 3788 434 3845 quae
448 3773 594 3832 carmina!
622 3775 710 3852 prope
728 3776 764 3834 ad
785 3776 1009 3835 immortalitatis
1028 3785 1058 3833 et
1071 3774 1137 3832 reli·

143 3849 473 3983 gronemetmemprliarn
487 3866 702 3912 consecrantur.
744 3854 805 3913 Vos
817 3854 891 3912 tanti
905 3859 1135 3911 conservatorem
