2692 4484
138 307 179 365 20
411 311 548 362 ORATIO
569 313 605 362 IL
628 315 667 365 IN
689 316 721 365 L.
743 316 957 367 CATILINAM.

187 454 347 532 perniciem
360 453 486 514 civitatis
498 474 625 514 manere.
665 456 792 516 Proinde
806 468 856 516 aut
876 467 991 530 exeant,
1006 470 1056 519 aut
1076 462 1170 537 quies·

188 545 273 606 cant;
294 545 355 606 aut,
369 533 394 592 si
407 543 438 591 et
450 533 481 590 in
494 531 573 592 Urbe
587 544 616 592 et
629 535 661 593 in
681 536 784 594 eadem
804 546 901 595 mente
920 551 1101 614 permanent,
1121 561 1168 615 ea,

187 632 250 689 quae
264 622 423 683 merentur,
436 623 610 689 exspectent

227 691 281 750 vl.
303 692 345 749 At
358 690 446 749 etiam
460 701 537 762 sunt,
550 691 694 766 Quirites,
708 694 757 769 qui
772 694 881 766 dicant,
896 713 914 752 a
927 713 974 752 me
988 695 1019 753 in
1032 697 1167 755 exsilium

155 783 174 835 5
188 769 313 845 ejectum
327 789 390 829 esse
404 769 569 827 Catilinam.
609 771 701 832 Quod
714 792 769 850 ego
782 773 807 831 si
820 768 908 832 verbo
918 772 1030 850 assequi
1044 795 1166 851 possem,

187 848 256 907 istos
269 848 345 925 ipsos
352 848 498 924 ejicerem,
506 849 556 924 qui
566 849 629 908 haec
643 851 805 927 loquuntur.
840 851 937 910 Homo
946 853 1082 910 videlicet
1092 854 1168 912 timi-

188 927 242 984 dus
255 937 285 985 et
297 928 493 1004 permodestus
505 946 606 986 vocem
628 930 755 989 consulis
777 930 851 989 serre
873 949 931 989 uon
951 932 1059 1007 potuit:
1080 933 1165 990 simul

189 1014 273 1080 atque
287 1006 329 1064 ire
343 1007 374 1063 in
388 1005 520 1064 exsilium
530 1006 627 1082 jussus
640 1018 694 1080 est,
708 1010 821 1085 paruit3
843 1009 902 1067 ivit
950 1046 954 1055 =

228 1083 372 1142 Hesterno
382 1084 440 1154 die,
451 1082 519 1141 ciam
529 1085 607 1143 domi
617 1104 689 1144 meae
699 1086 774 1163 pene
785 1087 954 1146 interfectus
967 1106 1070 1159 essem,
1084 1108 1166 1147 sena·

140 1172 174 1225 10
188 1170 249 1219 tum
260 1162 290 1219 in
301 1164 391 1220 edem
402 1161 421 1218 J
422 1162 483 1220 ovis
493 1163 615 1221 Statoris
624 1166 723 1224 vocavi
733 1186 740 1223 :
755 1185 816 1225 rem
824 1185 938 1225 omnem
950 1167 987 1223 ad
995 1177 1091 1242 patres
1099 1172 1176 1225 cora·⁴

188 1240 309 1316 scriptos
316 1241 414 1299 detuli.
454 1239 526 1301 Quo
535 1238 603 1299 ciam
613 1243 742 1302 Catilina
751 1244 886 1314 venisset,
897 1246 961 1320 quis
971 1264 1037 1302 eum
1051 1255 1165 1303 senator

189 1319 1165 1399 appellavitlquissalutavitlquisdeniqueitaadspexit,utperditum

188 1398 291 1470 civem,
302 1417 336 1455 ac
344 1418 402 1456 non
411 1395 552 1473 potiusut
565 1400 839 1475 importunissimum
850 1402 982 1459 hosteml
1020 1401 1104 1463 Quin
1114 1412 1165 1459 eti·

190 1493 236 1531 am
246 1477 389 1553 principes
399 1477 462 1553 ejus
470 1477 579 1534 ordinis
588 1489 700 1553 partem
714 1480 793 1537 illam
807 1480 1017 1550 subselliorum,
1029 1481 1065 1537 ad
1078 1498 1165 1556 quam

141 1563 174 1616 15
189 1554 237 1612 ille
249 1564 420 1626 assumeret,
431 1555 539 1612 nudam
548 1568 632 1631 atque
642 1557 758 1616 inanem
768 1557 953 1632 reliquerunt.
975 1556 1036 1614 Hic
1044 1577 1108 1633 ego,
1120 1578 1167 1615 ve·

189 1633 308 1691 hemena
321 1634 370 1692 ille
384 1634 494 1704 consul,
505 1635 554 1709 qui
565 1635 652 1692 verbo
665 1637 745 1694 cives
758 1636 788 1694 iu
802 1635 935 1693 exsilium
944 1634 1039 1710 ejicio,
1048 1636 1166 1710 quesivi

87 1715 91 1719 “
189 1712 357 1783 aGatilini,
373 1722 564 1770 annectumo
587 1725 731 1772 conventu
755 1715 830 1791 apud
854 1713 896 1770 M.
911 1713 1029 1793 Laecam
1053 1714 1165 1784 fnisset,

188 1808 289 1848 necne.
331 1789 409 1849 cum
423 1792 481 1862 ille,
490 1792 574 1849 homo
585 1792 804 1863 audacissimus,
815 1791 994 1851 conscientiis
1008 1793 1166 1864 convictus,

206 1867 280 1926 rimd
304 1870 475 1941 reticuisset,
497 1870 621 1946 patefeci
643 1881 757 1930 caetera.
797 1872 881 1933 Quid
894 1870 931 1929 ei
951 1880 1037 1928 nocte
1051 1871 1166 1947 egisset,

137 1957 173 2011 20
187 1887 255 2023 lubi
270 1948 392 2028 luisset]
408 1949 477 2024 quid
490 1949 521 2006 in
533 1950 692 2025 proximam
706 1951 911 2021 constituisset,
925 1949 1167 2025 quemadmodum

188 2037 264 2084 esset
276 2027 305 2085 ei
318 2028 391 2086 ratio
404 2028 491 2086 totius
504 2027 573 2086 belli
586 2027 740 2104 descripta,
755 2030 867 2087 edocui.
910 2026 988 2086 Cium
1009 2028 1166 2098 hesitaret,

189 2102 256 2162 oiim
270 2116 425 2179 teneretur,
439 2106 566 2183 quaesivi,
577 2107 647 2183 quid
657 2106 803 2165 dubitaret
816 2108 851 2166 eb
865 2105 1019 2185 proficisci,
1030 2104 1087 2181 qud
1096 2106 1168 2181 jam-

188 2184 299 2260 pridem
332 2185 532 2257 arirat30i1m
548 2203 636 2257 arma,
652 2182 722 2243 cium
745 2204 872 2257 secures,
887 2184 955 2244 ciam
974 2186 1078 2255 fasces,
1099 2181 1168 2241 crim

189 2263 282 2335 tubas,
292 2284 359 2323 cum
369 2266 452 2344 igua
459 2266 604 2336 militaria,
616 2264 686 2323 ciun
700 2266 826 2342 aquilam
840 2266 919 2323 illam
928 2275 1103 2342 argenteam,
1118 2261 1167 2319 cui

139 2355 174 2408 25
190 2341 238 2399 ille
252 2343 340 2400 etiam
353 2345 511 2402 sacrarium
525 2343 667 2402 scelerum
682 2345 760 2402 domi
774 2364 833 2402 sua
847 2344 966 2414 fecerat,
980 2344 1083 2401 scirem
1104 2358 1170 2398 esse

188 2421 373 2494 premissam.
411 2422 448 2480 In
459 2423 590 2481 exsilium
599 2423 763 2499 ejiciebam,
774 2441 859 2497 quem
867 2422 927 2496 jam
937 2421 1096 2495 ingressum
1105 2438 1169 2478 esse

191 2498 220 2554 in
235 2498 343 2555 bellum
356 2499 511 2559 videbaml
552 2501 669 2558 Etenim
685 2500 800 2578 (credo)
816 2498 946 2556 Manlius
959 2497 1013 2553 iste
1027 2497 1167 2567 centurio,

189 2576 239 2652 qui
251 2575 281 2634 iu
292 2594 360 2652 agro
368 2575 512 2634 Fesulano
523 2587 618 2635 castra
626 2579 730 2655 posuit,
741 2578 850 2635 bellum
857 2575 961 2651 populo
971 2574 1106 2633 Romano
1116 2594 1168 2632 suo

190 2654 307 2713 nomine
318 2654 436 2713 indixit:
457 2655 548 2733 stilla
563 2668 658 2715 castra
670 2676 750 2715 nunc
764 2677 822 2714 non
836 2653 993 2713 Catilinam
1007 2652 1112 2711 ducem
1123 2673 1170 2710 ex·

140 2746 175 2800 30
191 2742 337 2810 spectant:
359 2743 388 2805 et
401 2734 459 2806 ille,
474 2732 583 2812 ejccb
597 2736 628 2794 in
641 2736 785 2807 exsilium,
799 2754 831 2792 se
846 2731 1021 2802 Massiliam,
1032 2741 1064 2788 ut
1078 2731 1168 2803 aiunt,

191 2833 249 2870 non
263 2812 294 2869 in
306 2813 370 2870 hac
384 2825 488 2885 castra,
503 2815 638 2873 conferet.

230 2891 300 2949 VII.
330 2892 359 2949 Ο
374 2894 567 2952 conditionem
590 2895 735 2965 miseram,
749 2914 807 2951 non
821 2889 906 2950 modo
926 2889 1169 2959 administranda,
1235 2934 1242 2971 3

192 2967 291 3028 verim
305 2971 393 3029 etiam
403 2974 616 3044 conservandae,
624 2973 808 3049 reipublice!
830 2970 931 3042 Nunc,
942 2970 966 3027 si
981 2970 1014 3027 L.
1030 2968 1168 3038 Catilina,

132 3094 135 3099 >
192 3050 633 3130 consiliis,laboribus,periculis
641 3052 723 3122 meis,
732 3051 943 3109 circumclusus
952 3048 1169 3116 acdebilitatus,

141 3139 177 3193 35
192 3127 286 3189 subito
295 3130 483 3207 pertimuerit,
494 3132 667 3190 seutentiam
676 3131 838 3202 mutaverit,
850 3129 1009 3187 deseruerit
1019 3145 1094 3196 suos,
1104 3144 1171 3213 eon·

192 3209 287 3267 silium
302 3210 370 3268 belli
385 3210 511 3269 faciendi
527 3211 673 3286 abjecerit,
688 3212 725 3268 ex
740 3212 796 3269 hoc
810 3230 897 3268 cursu
917 3208 1036 3266 sceleris
1049 3215 1079 3263 et
1092 3203 1170 3272 belli,

193 3288 246 3344 iter
261 3289 409 3365 adingam
424 3301 508 3364 atque
523 3290 553 3347 in
567 3290 699 3348 exsilium
723 3289 911 3357 converterit;
932 3306 990 3343 non
1014 3285 1062 3371 ille
1085 3298 1171 3375 ame

193 3366 327 3440 spoliatus
342 3367 429 3424 armis
440 3368 580 3438 audacie,
589 3388 647 3425 non
660 3369 874 3443 obstupefactus
883 3384 918 3420 ac
925 3369 1092 3437 perterritus
1105 3375 1171 3414 mea

194 3443 354 3518 diligentia,
368 3463 426 3501 non
440 3445 476 3502 de
490 3463 540 3519 spe
560 3456 722 3519 conatuque
744 3445 888 3519 depulsus,
903 3440 954 3496 sed
978 3438 1171 3524 indemnatus

146 3531 177 3582 40
194 3522 342 3591 innocens,
353 3521 383 3578 in
398 3521 530 3580 exsilium
545 3522 655 3598 ejectus
669 3541 687 3579 a
700 3520 828 3590 consule,
838 3520 865 3576 vi
875 3527 903 3574 et
917 3516 1003 3573 minis
1017 3534 1080 3572 esse
1094 3513 1172 3570 dice-

194 3608 258 3655 tur:
280 3608 309 3656 et
328 3609 422 3671 eruut,
436 3601 485 3675 qui
507 3601 597 3671 illum,
612 3600 637 3656 si
657 3600 713 3656 hoc
733 3598 844 3668 fecerit,
858 3615 915 3654 non
936 3592 1170 3682 improbum,·sed

195 3678 348 3748 miserum3
370 3697 426 3750 me,
435 3698 493 3737 nou
508 3677 761 3756 diligentissimum
775 3676 932 3744 consulem,
944 3674 995 3732 sed
1010 3671 1172 3730 crudelissi-

195 3775 273 3813 mum
287 3766 450 3832 tyrannum,
465 3757 622 3816 existimari
636 3755 733 3813 velint.
774 3754 828 3812 Est
847 3754 918 3812 mihi
931 3752 1015 3824 tanti,
1028 3750 1172 3821 Quirites,

195 3835 280 3913 hujus
294 3836 408 3895 invidiae
423 3836 501 3896 falsas
515 3847 601 3914 atque
621 3836 727 3914 iniqua
747 3844 946 3913 tempestatem
966 3832 1072 3905 subire,
1093 3830 1174 3890 duru-
