2692 4484
435 341 572 390 ORATIO
595 342 664 391 PRO
686 341 783 391 LEGE
805 339 971 390 MANILIA.

165 339 207 398 48

217 407 431 540 effe-iffi&
419 483 522 544 Quare
542 436 941 554 videfdsiiirir‘i‘ilubitandum
962 486 1042 542 vobis
1062 487 1108 557 sit,
1122 488 1205 545 omni

216 562 310 619 studio
324 561 360 618 ad
375 562 404 618 id
419 563 524 619 bellum
538 563 715 633 incumbere,
731 563 759 620 in
781 582 837 638 quo
858 564 949 639 gloria
966 566 1091 622 nominis
1104 568 1203 638 vestri,

215 640 292 697 salus
312 641 463 712 sociorum,
478 642 631 717 vectigalia
651 642 785 713 maxima,
805 642 924 699 fortunae
944 643 1130 718 plurimorum
1144 646 1204 702 civ·

113 771 119 781 ,
216 720 285 789 ium,
301 738 367 775 cum
382 720 529 796 republica
542 719 741 777 defendantur.

180 807 198 859 5
217 812 232 823 “
254 797 342 854 v111.
375 798 523 859 Quoniam
544 798 580 854 de
600 817 706 874 genere
726 799 795 855 belli
814 799 883 870 dixi,
902 818 982 857 nunc
1002 801 1039 858 de
1058 802 1203 878 magnitu-

214 877 282 933 dine
294 896 388 953 pauca
401 877 505 934 dicam.
540 877 636 934 Potest
646 878 724 934 enim
735 878 790 935 hoc
800 877 878 935 dici:
899 878 967 935 belli
977 898 1069 955 genus
1082 899 1145 937 esse
1159 881 1201 938 ita

214 956 418 1025 necessarium,
429 966 461 1012 ut
471 956 508 1013 sit
518 956 686 1032 gerendum,
696 975 754 1014 non
765 976 828 1014 esse
839 956 879 1014 ita
888 975 1035 1034 magnum,
1050 969 1082 1015 ut
1092 959 1127 1016 sit
1138 979 1201 1036 per·

214 1034 431 1092 timescendum.
466 1034 502 1091 In
516 1054 572 1109 quo
585 1034 710 1091 maxime
724 1035 912 1093 laborandum
923 1048 976 1106 est,
987 1056 1025 1094 ne
1039 1037 1110 1095 forte
1125 1057 1201 1096 avo·

214 1113 267 1183 bis,
292 1132 354 1187 quae
375 1112 593 1189 diligentissImri
613 1113 789 1189 providenda
808 1124 884 1185 sunt,
905 1117 1116 1172 contemnenda
1136 1136 1201 1174 esse

164 1199 197 1250 10
214 1191 371 1249 videantur.
1166 1216 1170 1223 ·

192 1334 208 1344 ..
253 1271 360 1343 Atque,
381 1281 413 1328 ut
431 1290 531 1329 omnes
552 1270 723 1347 intelligant,
744 1290 791 1329 me
818 1271 852 1328 L.
873 1271 996 1333 Lucullo
1015 1281 1127 1331 tantum
1148 1273 1201 1330 im·

213 1348 310 1425 pertiti
324 1350 427 1420 laudis,
442 1359 580 1424 quantum
601 1349 665 1407 forti
680 1350 749 1419 viro,
763 1360 793 1407 et
813 1350 1022 1426 sapientissimo
1036 1351 1155 1423 hominI,
1170 1362 1200 1409 et

213 1446 318 1503 magno
338 1428 509 1503 imperatori,
530 1428 685 1496 debeatur3
719 1429 795 1499 dico,
816 1428 879 1504 ejus
905 1429 1039 1500 adventu,
1059 1430 1200 1496 maximas

183 1566 184 1569 ,
214 1504 391 1563 Mithridatis
410 1508 508 1584 copias
527 1507 659 1564 omnibus
686 1508 772 1564 rebus
797 1517 912 1565 ornatas
940 1517 1024 1581 atque
1045 1508 1200 1566 instructas

165 1596 197 1649 15
215 1585 319 1655 fuisse;
341 1586 497 1665 urbemque
507 1586 597 1673 ‚Asipe
611 1585 810 1721 {parissimam
825 1586 963 1660 nobisque
984 1586 1199 1658 amicissimam,

215 1658 597 1739 Cyzicenorum3'0bs'essam
634 1680 680 1722 sse
701 1665 738 1722 ab
758 1665 819 1740 ipso
838 1683 906 1741 rege
926 1664 1051 1721 maxima
1071 1664 1199 1722 multitu-

215 1743 292 1813 dine,
312 1753 342 1800 et
370 1755 561 1820 oppugnatam
590 1742 860 1813 vehementissime3
895 1761 981 1817 qnam
1005 1743 1037 1800 L.
1060 1743 1200 1801 Lucullus

215 1822 328 1893 virtute,
349 1823 525 1894 assiduitate,
546 1822 675 1893 consilio,
699 1822 818 1879 summis
837 1821 994 1880 obsidionis
1012 1822 1148 1898 periculis
1167 1823 1201 1879 li·

215 1901 342 1958 beravit:
364 1902 401 1961 ab
414 1902 515 1960 codem
529 1901 699 1977 imperatore
712 1902 835 1959 classem
854 1919 989 1977 magnam
1009 1910 1039 1958 ct
1058 1911 1199 1972 ornatam,

109 1974 112 1981 ’
162 1993 198 2047 20
215 1999 287 2054 qua,
309 1980 432 2038 ducibus
452 1981 634 2052 Sertorianis,
654 1980 691 2038 ad
710 1979 826 2039 Italiam
846 1979 941 2037 studio
960 1978 1137 2038 inflammato
1156 1998 1200 2037 ra-

213 2069 337 2139 peretur,
358 2069 520 2136 superatam
540 2078 603 2118 esse
624 2069 709 2135 atque
729 2060 908 2136 depressam:
936 2077 1056 2136 magnas
1075 2059 1199 2117 hostium

214 2138 351 2215 praeterea
371 2140 467 2216 copias
486 2138 585 2197 multis
603 2138 711 2215 proeliis
730 2157 793 2196 esse
814 2139 941 2196 deletas:
968 2137 1199 2214 patefactumque

215 2217 318 2275 nostris
331 2219 492 2294 legionibus
506 2218 569 2276 esse
589 2217 723 2289 Pontum,
737 2218 786 2294 qui
808 2215 874 2275 ante
894 2216 997 2294 populo
1016 2217 1149 2275 Romano
1163 2234 1199 2273 ex

214 2297 292 2354 omni
314 2297 393 2354 aditu
407 2298 522 2355 clausus
535 2298 626 2356 ess'et:
648 2297 775 2373 Sinopen
790 2306 875 2371 atque
889 2296 1022 2354 Amisum
1038 2294 1154 2372 (quibus
1168 2295 1199 2353 irr

162 2387 199 2440 25
214 2375 324 2450 oppidis
344 2386 426 2432 erant
440 2376 587 2434 domicilia
600 2376 685 2452 regis,
700 2376 833 2434 omnibus
846 2376 931 2433 rebus
944 2383 1044 2433 ornata
1058 2384 1143 2449 atque
1156 2393 1199 2430 re-
1243 2372 1255 2403 ⁵

216 2453 312 2530 ferta),
328 2463 503 2528 caeterasque
517 2455 601 2512 urbes
619 2455 703 2512 Ponti
717 2465 747 2512 et
760 2454 949 2531 Cappadocia:
962 2452 1127 2530 permultas,
1142 2471 1200 2509 uno

217 2532 296 2588 aditu
315 2542 399 2615 atque
414 2534 541 2627 adventu.
551 2552 614 2590 esse
628 2543 743 2610 captas:
764 2552 872 2611 regern,
886 2532 1037 2609 spoliatum
1050 2550 1140 2608 regno
1152 2549 1200 2607 pa·

215 2609 375 2685 :ridetque
390 2612 480 2682 avito,
502 2612 538 2668 ad
559 2613 629 2669 alios
649 2632 681 2670 se
701 2632 784 2690 reges
804 2623 889 2687 atque
913 2611 984 2668 alias
1012 2619 1113 2686 gentes
1136 2628 1200 2685 sup-

215 2688 320 2766 plicem
341 2690 514 2747 contulisse:
536 2702 620 2765 atque
641 2692 704 2748 haec
725 2692 831 2762 omnia,
852 2691 937 2747 salvis
956 2689 1051 2765 populi
1072 2687 1199 2745 Romani

163 2777 199 2832 30
216 2768 311 2839 sociis,
326 2778 411 2843 atque
432 2769 550 2846 integris
570 2767 769 2847 vectigalibus,
790 2790 853 2828 esse
873 2779 962 2846 gesta.
1004 2767 1082 2825 Satis
1100 2768 1199 2842 opinor

216 2848 271 2905 hoc
291 2867 354 2905 esse
374 2848 483 2919 laudis:
505 2859 590 2923 atque
610 2849 816 2920 ita,·Quirites,
831 2858 863 2906 ut
882 2849 937 2906 hoc
955 2866 1003 2905 vos
1023 2845 1199 2922 intelligatis,

216 2927 325 2984 anullo
338 2926 466 2999 istorum,
480 2928 529 3004 qui
543 2928 611 2985 huic
624 2929 786 2986 obtrectant
799 2927 856 3004 legi
871 2937 956 3001 atque
974 2944 1080 2996 causae,
1095 2925 1128 2982 L.
1143 2924 1201 2981 Lu·

216 3006 325 3063 cullum
338 3006 469 3063 similiter
483 3026 519 3064 ex
532 3007 587 3064 hoc
600 3007 664 3075 loco
678 3026 741 3064 esse
754 3007 911 3063 laudatum.

204 3112 207 3117 ⁴
255 3084 310 3142 IX.
345 3084 522 3161 Requiretur
542 3086 660 3144 fortasse
681 3106 769 3156 nunc,
784 3083 1034 3160 quemadmodum,
1049 3080 1117 3139 clim
1137 3082 1200 3138 haec

164 3169 199 3222 35
210 3164 257 3221 ita
276 3164 342 3236 sint,
357 3164 498 3241 reliqurun
517 3165 605 3242 possit
624 3185 688 3223 esse
708 3183 845 3241 magnum
858 3163 974 3219 bellum.
1016 3159 1200 3236 Cognoscite,

214 3242 364 3304 Quirites:
385 3264 443 3303 non
457 3245 534 3303 enim
548 3244 603 3302 hoc
617 3244 680 3301 siue
694 3244 783 3301 causa
797 3242 886 3318 quaeri
899 3243 1019 3298 videtur.
1061 3237 1200 3309 Primum,

37 3318 40 3325 ⁴
139 3360 143 3366 ι
216 3341 252 3378 ex
272 3342 324 3379 suo
344 3343 433 3399 regno
453 3325 496 3380 sic
515 3323 705 3380 'Mithridates
726 3322 861 3398 profugit,
883 3330 915 3376 ut
934 3339 969 3377 ex
989 3319 1090 3377 eodem
1110 3317 1202 3374 Ponto

217 3399 324 3456 Medea
344 3401 393 3457 illa
413 3402 555 3475 quondam
574 3401 734 3477 profugisse
747 3401 869 3468 dicitur;
890 3417 977 3474 quam
989 3397 1156 3473 pradicant,
1172 3395 1202 3453 in

218 3479 296 3554 fuga,
311 3478 405 3535 fratris
426 3480 470 3535 sui
490 3481 619 3545 membra
632 3480 662 3537 in
677 3479 712 3536 iis
726 3479 807 3550 locis,
821 3479 878 3553 qua
892 3497 924 3535 se
936 3496 1040 3553 parens
1052 3492 1203 3550 perseque·
1271 3480 1276 3491 '

163 3559 201 3627 ,40
218 3567 305 3627 retur,
326 3557 516 3631 dissipavisse,
537 3568 569 3615 ut
595 3578 693 3616 eorum
721 3558 853 3630 collectio
879 3557 1016 3633 dispersa,
1043 3570 1203 3626 moerorque

217 3636 335 3714 patrius,
351 3632 526 3694 celeritatem
539 3637 729 3713 persequendi
742 3638 908 3694 retardaret.
944 3636 996 3694 Sic
1010 3632 1202 3705 Mithridates,

214 3716 342 3806 fugiam,
357 3715 510 3773 maximam
520 3716 578 3774 vim
590 3717 651 3785 auri
663 3726 747 3791 atque
759 3715 880 3793 argenti,
890 3714 1204 3792 pulcherrimarumque

219 3813 314 3855 rerum
327 3795 466 3866 omnium,
480 3814 551 3871 quas
571 3806 607 3852 etv
621 3814 638 3852 a
657 3795 812 3870 majoribus
827 3798 988 3870 acceperat,
1002 3801 1032 3848 et
1045 3790 1115 3866 ipse,
1130 3788 1205 3846 bello

219 3874 364 3951 superiore
378 3894 414 3931 ex
426 3875 485 3931 totri
499 3874 573 3931 Asia
587 3874 721 3949 direptas,
732 3874 763 3930 in
777 3892 861 3930 suum
875 3890 997 3948 regnum
1011 3878 1204 3945 congesserat,

167 3956 202 4008 ts
219 3955 248 4010 in
263 3952 354 4009 Ponto
367 3970 480 4009 omnem
494 3952 617 4027 reliquit.
661 3950 735 4005 Hrec
756 3950 824 4006 dum
845 3950 933 4006 nostri
956 3947 1094 4022 colligunt
1108 3944 1204 4003 omnia
1290 4020 1293 4025 .
