2692 4484
138 353 197 413 118
375 349 513 401 ORATIO
534 350 604 400 PRO
625 350 657 400 T.
680 348 797 399 ANNIO
817 347 969 399 MILONE.

224 495 325 555 XXV.
358 494 468 553 Omnia
481 494 554 554 salsa
567 504 653 571 atque
668 490 821 572 [insidiose
851 492 921 550 ficta
942 494 1090 569 comperta
1103 501 1191 551 sunt.

184 573 277 637 Qubd
291 576 316 633 si
329 585 427 633 tamen
440 574 578 633 metuitur
591 574 681 632 etiam
694 587 775 632 nuno
830 573 878 644 ilo,
893 591 951 630 non
965 571 1021 630 hoc
1036 571 1098 649 jam
1115 572 1190 631 Clo¹

186 654 305 713 dianum
326 654 438 712 crimen
458 653 611 725 timemus3
632 652 684 711 sed
705 661 780 724 tuas,
802 650 858 709 Cn.
881 650 1011 728 Pompei,
1034 650 1077 729 (te
1099 652 1189 709 enim

183 733 244 810 jam
258 733 368 810 appello
380 732 417 790 ei
430 751 511 805 voce,
525 743 558 790 ut
575 751 622 790 me
637 732 738 790 audire
750 730 855 811 possis)
869 740 945 802 tuas,
959 740 1035 803 tuas,
1050 731 1187 806 inquam,

153 807 364 890 5suspiciones
382 811 634 888 perhorrescimus.
676 811 710 868 Si
731 809 873 868 Milonem
890 809 986 881 times,
1001 811 1027 869 si
1045 812 1124 869 hunc
1142 812 1188 869 de

186 891 237 949 tud
258 890 316 949 vita
337 888 449 948 nefarie
472 899 522 949 aut
541 909 621 948 nunc
641 888 779 966 cogitare,
803 899 853 947 aut
872 889 1004 948 molitum
1025 890 1187 964 aliquando

188 970 305 1046 aliquid,
318 979 421 1047 putas;
442 969 467 1027 si
488 968 581 1027 Italiae
599 968 740 1040 delectus,
757 967 804 1044 (ut
820 968 952 1027 nonnulli
971 969 1185 1044 conquisitores

186 1050 229 1108 tui
243 1049 391 1130 dictitant)
406 1049 433 1107 si
445 1050 509 1107 brec
523 1067 612 1120 arma,
623 1048 648 1105 si
662 1047 834 1125 Capitoline
848 1049 991 1119 cohortes,
1002 1047 1027 1105 si
1037 1049 1183 1119 excubiae,

186 1129 212 1187 si
225 1129 341 1207 vigilite,
355 1129 381 1187 si
394 1128 509 1187 delecta
526 1127 672 1205 juventus,
686 1148 750 1207 quse
771 1137 855 1186 tuum
876 1146 980 1204 corpus
1004 1127 1183 1203 domumque

139 1207 172 1259 1⁰
187 1209 321 1280 custodit,
335 1218 436 1267 contra
457 1207 577 1267 Milonis
597 1208 737 1285 impetum
760 1216 871 1265 armata
888 1215 942 1278 est,
958 1215 1043 1281 atque
1057 1206 1106 1264 illa
1120 1226 1183 1265 om-

186 1287 237 1345 nia
254 1288 285 1346 in
299 1289 378 1346 hunc
396 1307 486 1346 unum
504 1287 645 1359 instituta,
658 1297 769 1365 parata,
784 1287 896 1345 intenta
913 1295 997 1356 sunt3
1018 1304 1125 1362 magna
1146 1286 1181 1344 iu

187 1366 242 1425 hoc
256 1366 335 1425 certe
349 1367 402 1439 vis,
416 1377 446 1426 et
468 1366 646 1426 incredibilis
668 1367 792 1439 animus,
806 1376 836 1425 et
855 1386 913 1425 non
934 1365 1021 1423 unius
1035 1365 1088 1423 viri
1101 1366 1181 1423 vires

187 1456 272 1522 atque
291 1466 360 1524 opes
380 1446 555 1519 indicantur,
569 1446 713 1522 siquidem
733 1446 764 1504 in
784 1447 864 1504 huno
884 1463 975 1503 unum
995 1455 1025 1503 et
1042 1456 1182 1522 praestan·
1225 1493 1228 1497 .

124 1558 129 1568 ·
186 1525 315 1584 tissimus
328 1525 387 1583 dux
400 1525 520 1598 electus,
534 1536 564 1584 et
576 1534 637 1583 tota
649 1525 814 1603 respublica
827 1534 938 1583 armata
951 1533 1003 1583 est.

139 1607 173 1661 15
227 1605 286 1663 Sed
300 1605 364 1680 quis
377 1625 435 1663 non
449 1603 593 1682 intelligit,
607 1623 708 1663 omnes
720 1603 774 1663 tibi
787 1603 953 1682 reipublice
965 1613 1070 1680 partes,
1085 1622 1180 1681 agras

186 1693 216 1742 et
235 1683 377 1756 labantes,
397 1694 430 1742 ut
455 1703 506 1742 eas
529 1684 574 1742 his
598 1685 685 1741 armis
708 1703 826 1742 sanares
846 1693 876 1742 et
895 1682 1092 1754 confirmares,
1113 1702 1179 1741 esse

187 1763 377 1821 commissasl
410 1761 503 1825 Quod
529 1763 554 1821 si
581 1762 686 1821 Miloni
708 1763 792 1821 locus
813 1762 899 1820 datus
922 1772 1007 1834 esset,
1030 1761 1180 1839 probisset

186 1839 315 1917 proieotb
328 1841 382 1899 tibi
396 1841 460 1918 ipsi,
474 1842 620 1900 neminem
642 1860 771 1918 unquam
790 1841 937 1900 hominem
957 1840 1067 1899 homini
1087 1841 1178 1900 cario·

186 1938 248 1977 rem
261 1919 360 1992 fuisse,
374 1917 461 1996 quim
471 1930 501 1979 te
510 1920 566 1978 sibi
576 1939 584 1991 3
598 1920 711 1979 nullum
721 1941 752 1980 se
761 1940 888 1997 unquam
898 1919 1059 1997 periculum
1067 1940 1118 1998 pro
1126 1920 1177 1979 tub

136 1995 173 2050 2⁰
187 1998 327 2075 dignitate
341 1998 465 2077 fugisse3
487 2019 556 2058 cum
569 1999 619 2057 issa
633 1999 696 2077 ipsa
709 2000 856 2059 teterrimi
868 2010 949 2078 peste
963 2000 1117 2076 saepissime
1125 2019 1178 2077 pro

186 2078 237 2136 tuti
256 2077 348 2156 glorii
367 2079 564 2150 contendisse3
585 2079 764 2138 tribunatum
785 2098 870 2137 suum
885 2078 1057 2136 adsalutem
1070 2097 1175 2151 meam,

187 2175 251 2232 quse
270 2158 324 2216 tibi
342 2159 492 2217 carissima
505 2158 616 2230 lirisset,
631 2158 759 2218 consiliis
771 2159 829 2217 tuis
843 2159 1051 2236 gubematum3
1072 2177 1103 2215 se
1117 2176 1134 2215 a
1147 2169 1176 2216 te

181 2246 284 2311 postea
296 2238 448 2296 defensum
461 2238 491 2296 in
503 2238 634 2315 periculo
647 2238 759 2315 capitis,
772 2238 901 2315 adjutum
914 2238 945 2296 in
957 2236 1095 2314 petitione
1107 2256 1177 2313 praee

187 2323 276 2386 turae3
297 2316 369 2375 duos
391 2336 423 2375 se
446 2316 553 2375 habere
575 2336 687 2394 semper
710 2316 898 2389 amicissimos
910 2316 1060 2395 sperasse,
1080 2325 1110 2374 te
1128 2326 1177 2375 tuo
1211 2349 1213 2353 ν

136 2392 172 2445 25
188 2394 339 2466 beneficio,
353 2414 400 2454 me
414 2416 474 2454 suo.
515 2397 593 2459 Quae
614 2396 639 2453 si
657 2416 715 2454 non
730 2396 882 2473 probaret;
903 2395 928 2453 si
942 2394 995 2453 tibi
1009 2395 1051 2452 ita
1063 2394 1177 2471 penitirs

187 2471 348 2531 inhesisset
371 2474 427 2531 ista
449 2475 584 2550 suspicio,
601 2474 681 2533 nullo
701 2485 733 2533 ut
750 2475 835 2533 evelli
850 2474 936 2533 modo
952 2484 1065 2551 posset3
1087 2473 1111 2531 si
1130 2475 1176 2533 de·

186 2550 275 2625 nique
298 2550 385 2609 Italia
408 2571 426 2610 a
445 2552 571 2625 delectu,
591 2552 669 2611 Urbs
690 2554 727 2611 ab
749 2554 846 2626 armis,
861 2554 924 2613 sine
944 2553 1064 2612 Milonis
1082 2552 1175 2624 clade,

186 2648 334 2706 nunquam
352 2641 428 2689 esset
446 2631 650 2708 conquietura;
671 2651 718 2691 na
734 2632 788 2691 iste
802 2633 881 2691 haud
894 2633 1030 2691 dubitans
1044 2632 1177 2690 cessisset

185 2707 289 2785 patrss,
303 2709 338 2781 is,
352 2711 401 2785 qui
422 2710 463 2767 ita
482 2721 568 2769 natus
587 2720 641 2784 est,
654 2722 685 2770 et
704 2711 746 2770 ita
759 2712 926 2782 consuevit3
947 2721 987 2783 te,
1001 2709 1121 2788 Magne,
1135 2720 1177 2768 ta·

136 2787 172 2842 30
187 2806 254 2845 men
268 2798 457 2847 antestaretur
468 2808 476 2860 ;
496 2790 572 2865 quod
585 2810 665 2849 nunc
678 2790 767 2849 etiam
775 2790 860 2850 -facit

226 2867 342 2925 XXVI.
373 2868 460 2940 Vide,
475 2866 562 2944 quim
578 2869 616 2927 sit
632 2869 713 2927 varia
732 2869 797 2928 vitae
811 2869 1080 2945 commutabilisque
1093 2868 1175 2942 ratio,

186 2945 272 3022 quim
293 2966 367 3025 vaga
386 2947 574 3024 volubilisque
594 2948 718 3020 fortuna,
733 2960 847 3025 quantae
865 2949 1050 3008 infidelitates
1063 2949 1094 3007 in
1109 2949 1177 3006 ami-

187 3026 240 3098 cis,
254 3025 341 3103 quim
362 3027 399 3085 ad
417 3037 529 3104 tempus
548 3037 620 3104 apte
634 3028 840 3101 simulationes,
856 3039 969 3103 quantae
990 3029 1021 3086 in
1035 3027 1176 3105 vpericulis

187 3105 262 3183 firgae
284 3107 487 3184 proximorum,
501 3117 615 3183 quante
638 3107 815 3167 timiditates.
858 3107 932 3179 Erit,
949 3108 1004 3166 erit
1021 3107 1092 3165 illud
1115 3126 1176 3183 pro·

136 3194 172 3249 35
188 3183 264 3244 fecto
278 3196 401 3264 tempus,
416 3196 446 3244 et
466 3186 617 3245 illucescet
638 3186 792 3263 aliquando
809 3187 858 3246 ille
876 3187 948 3258 dies,
963 3184 1032 3245 cirm
1046 3197 1088 3257 tu,
1103 3186 1176 3244 salu·

186 3266 296 3323 taribus
311 3264 357 3343 (ut
378 3266 474 3345 spero)
490 3267 576 3325 rebus
594 3267 662 3338 tuis,
677 3268 728 3325 sed
742 3268 861 3327 fortasse
883 3275 962 3324 motu
984 3265 1080 3341 aliquo
1102 3284 1176 3324 com·

186 3344 316 3401 munium
340 3354 500 3419 temporum
526 3344 694 3416 immutatis,
719 3343 782 3422 (qui
804 3343 892 3420 quim
920 3342 1022 3403 crebrb
1051 3345 1173 3416 accidat,

186 3421 294 3495 experti
315 3423 454 3485 debemus
473 3423 563 3503 scire)
578 3433 608 3481 et
628 3423 797 3482 amicissimi
817 3424 1057 3494 benevolentiam,
1071 3433 1101 3481 et
1114 3442 1175 3499 gra·

185 3498 294 3555 vissimi
316 3500 440 3557 hominis
460 3501 557 3573 fidem,
570 3512 601 3559 et
613 3502 701 3559 unius
713 3512 777 3578 post
789 3501 921 3560 homines
933 3512 1017 3562 natos
1031 3500 1173 3561 fortissimi

136 3574 172 3627 40
185 3576 239 3635 viri
253 3576 482 3653 magnitudinem
497 3580 597 3651 animi,
612 3581 766 3639 desideres.

224 3656 402 3730 Quanquam
417 3656 480 3732 quis
502 3658 557 3716 hoc
577 3659 687 3729 credat,
702 3659 756 3716 Cn.
771 3658 949 3735 Pompeium,
962 3659 1036 3737 juris
1056 3660 1174 3738 publici,

186 3734 273 3794 moris
286 3734 435 3810 majorum,
449 3736 492 3793 rei
507 3737 632 3811 denique
645 3737 769 3813 publice
782 3738 997 3814 peritissimum,
1012 3737 1082 3797 sinn
1096 3758 1175 3798 sena·

186 3825 232 3874 tus
246 3816 274 3873 ei
284 3815 469 3887 commiserit,
478 3826 511 3873 ut
523 3816 643 3887 videret,
658 3835 699 3873 nn
712 3836 787 3880 curn
798 3837 989 3877 assensuros
999 3838 1175 3877 unumunu-

186 3914 218 3952 τι
234 3913 383 3964 carasca,
400 3893 470 3970 (quo
483 3915 541 3953 uno
554 3895 697 3955 versiculo
717 3898 787 3955 satis
802 3899 903 3955 armati
917 3918 1029 3975 semper
1042 3898 1174 3958 consules

135 3971 171 4026 45
186 3973 311 4043 fuerunt,
325 3973 412 4030 etiam
435 3973 524 4031 nullis
546 3975 633 4032 armis
654 3975 744 4056 datis)
759 3976 849 4048 huno,
870 3977 1010 4046 exercitu,
1024 3976 1114 4050 hunc,
1129 3978 1174 4036 de·
