2692 4484
412 314 551 365 ORATIO
572 312 611 363 IN
633 313 673 364 M.
689 308 897 362 ANTONIUM.
1123 313 1180 371 155

132 461 366 539 .ocupletissimae
391 458 576 517 Cretensium
603 454 796 532 vectigalibus
819 454 997 523 liberantur;
1033 452 1131 510 statui-

133 556 247 618 turque,
262 560 307 612 ue,
321 550 386 616 post
400 538 441 596 M.
456 537 580 595 Brutum
593 533 807 613 proconsulem,
817 533 853 590 sit
867 533 958 590 Creta
970 532 1130 608 provincia.

134 621 186 679 Tu
207 620 310 677 mentis
324 638 356 676 es
378 618 518 694 compost
547 626 580 674 tu
601 635 660 673 non
683 612 949 689 constringendus?
991 613 1052 683 An,
1069 610 1133 669 Gre-

135 701 206 757 saris
220 701 347 768 decreto,
363 697 453 755 Creta
472 706 537 772 post
550 694 593 752 M.
609 693 693 753 Bruti
713 693 867 750 decessum
888 691 980 768 potuit
1001 687 1131 761 liberari,
1211 697 1215 704 '

135 776 202 836 crim
217 779 307 837 Creta
321 777 393 834 nihil
419 776 455 833 ad
480 775 614 845 Brutum,
628 773 747 830 Caesare
771 771 844 842 vivo,
859 771 1036 846 pertineretl
1079 772 1131 842 At,
1166 772 1185 825 5

135 858 219 934 hujus
232 857 401 916 venditione
414 853 536 925 decreti,
552 852 604 931 (ne
618 851 691 909 nihil
706 860 804 907 actum
817 849 936 929 putetis)
952 849 1131 926 provinciam

135 937 254 994 Cretam
280 934 456 1013 perdidistis.
496 931 607 989 Omnio
633 948 720 988 uerno
746 929 834 987 ullius
862 929 908 986 rei
930 928 984 986 tuit
1009 940 1131 1007 emptor,

135 1017 184 1073 cui
198 1015 324 1073 desuerit
337 1014 387 1070 hic
401 1011 541 1069 venditor.

176 1095 216 1152 Et
230 1095 267 1151 de
281 1092 429 1150 exsulibus
442 1091 547 1167 legem,
562 1108 648 1164 quam
662 1087 760 1159 fixisti,
775 1087 873 1145 Caesar
887 1087 973 1145 tutitt
1014 1087 1132 1145 Nullius

137 1174 265 1232 insector
287 1169 498 1228 calamitatem:
528 1165 1040 1244 tantbm'queror,primi1m,oorum
1060 1168 1135 1225 redi·
1151 1168 1186 1222 10

138 1262 186 1310 tus
210 1260 347 1325 aequatos,
365 1267 487 1324 quorum
514 1265 632 1305 causam
658 1246 828 1305 dissimilem
851 1246 952 1304 Gaesar
975 1245 1132 1323 judicdrit3

140 1331 259 1399 deinde,
274 1328 374 1388 nescio
388 1348 441 1386 cur
461 1327 578 1402 reliquis
599 1326 679 1386 idem
697 1345 756 1384 uon
780 1325 907 1383 tribuas:
939 1344 1032 1401 neque
1056 1327 1135 1384 enim

140 1410 206 1486 plus
220 1406 307 1485 quiam
320 1419 378 1465 tres
392 1417 441 1464 aut
454 1418 576 1484 quatuor
589 1405 692 1481 reliqui
705 1416 781 1463 sunt.
822 1405 886 1467 Qui
900 1405 987 1463 simili
1007 1406 1037 1463 in
1059 1406 1135 1463 cala·
1157 1455 1163 1466 .

140 1488 241 1545 mitate
260 1498 337 1558 sunt,
352 1506 404 1545 cur
427 1486 477 1544 tufa
491 1484 691 1544 misericordiis
704 1484 793 1542 simili
813 1485 873 1542 nori
897 1484 1052 1543 fruuntur‘l
1081 1505 1134 1543 cur

140 1573 190 1626 eos
205 1567 294 1624 babes
308 1567 336 1623 in
351 1566 416 1624 loco
435 1565 549 1643 patruil
570 1566 607 1623 de
627 1584 685 1642 quo
699 1565 787 1636 ferre,
801 1561 870 1622 crim
891 1565 927 1621 de
940 1565 1057 1641 reliquis
1082 1565 1136 1623 fer·
1154 1564 1189 1618 15

140 1666 196 1717 res,
211 1645 345 1704 noluisti:
366 1664 452 1721 quem
466 1645 555 1703 etiam
569 1645 606 1702 ad
626 1662 781 1702 censuram
802 1643 960 1719 petendam
980 1644 1135 1719 impulisti3

141 1744 262 1801 eamque
285 1725 455 1801 petitionem
476 1723 661 1800 comperisti,
677 1742 747 1799 ,quae
771 1733 802 1780 et
825 1723 901 1780 risus
927 1722 1079 1780 hominum
1108 1736 1138 1780 et

140 1805 271 1881 querelas
284 1816 419 1863 moveret.
507 1840 510 1843 ·
849 1848 852 1853 -
883 1857 891 1866 .

181 1884 242 1942 Cur
256 1895 354 1941 autem
377 1903 414 1941 ea
431 1883 552 1941 comitia
572 1902 631 1941 uon
653 1882 804 1941 habuistil
845 1883 895 1940 An
915 1882 984 1958 quia
1003 1881 1138 1940 tribunus

141 1963 232 2040 plebis
245 1963 393 2022 sinistrum
407 1962 517 2021 fulmen
532 1962 707 2021 uuutiabetl
747 1959 827 2020 Girm
850 1961 901 2019 tud
915 1962 984 2037 quid
1008 1962 1138 2031 interest,
1154 1956 1191 2010 20

142 2043 222 2100 nulla
236 2042 366 2118 auspicia
379 2042 438 2098 siut
446 2061 453 2111 ;
476 2040 546 2099 crim
559 2051 685 2112 tuorum,
698 2051 761 2099 tum
773 2042 813 2098 sis
827 2041 1002 2117 religiosusl
1034 2040 1138 2103 Quidl

143 2122 268 2179 eundem
283 2122 313 2178 in
327 2121 533 2196 septemviram
550 2139 649 2178 nonne
663 2120 840 2179 destituistil
875 2119 1038 2178 Intervenit
1051 2119 1138 2195 enim.

143 2200 227 2262 Quid
249 2199 396 2256 metuisti?
426 2199 523 2270 credo,
538 2219 576 2257 ne
597 2199 676 2257 salto
700 2200 794 2276 cupite
816 2219 924 2277 negare
948 2219 1006 2257 non
1032 2195 1138 2276 posses.

143 2277 291 2335 Omnibus
303 2296 372 2335 eum
386 2278 570 2337 contumeliis
583 2279 721 2351 oneristi,
735 2298 820 2355 quem
833 2280 924 2357 patris
943 2280 1019 2351 loco,
1033 2279 1059 2336 si
1079 2279 1141 2336 ulla

144 2358 175 2415 in
200 2369 229 2415 te
255 2357 348 2433 pietas
374 2367 461 2428 esset,
482 2359 577 2417 colere
601 2358 737 2417 debebas.
779 2359 886 2416 Filiam
912 2358 985 2435 ejus,
1013 2376 1140 2417 sororem
1157 2364 1193 2419 25

144 2447 235 2511 tuem,
259 2437 380 2513 ejecisti,
409 2436 466 2500 alit
487 2437 653 2496 conditione
673 2437 794 2513 quaesitd
820 2449 851 2496 et
877 2438 945 2496 ante
977 2436 1139 2515 prospecti.

143 2515 213 2573 Non
237 2527 282 2574 est
302 2517 390 2575 satis:
418 2517 515 2594 probri
539 2516 714 2576 insimuldsti
734 2518 953 2595 pudicissimam
981 2518 1138 2575 foeminam.

143 2595 227 2658 Quid
240 2606 294 2667 est,
308 2596 384 2672 quod
399 2595 467 2653 addi
480 2597 591 2671 possitl
633 2596 797 2655 Contentus
818 2617 853 2656 eo
873 2617 930 2655 non
956 2597 1055 2655 fuisti:
1086 2597 1140 2655 fre·
1177 2661 1188 2680 .

143 2675 332 2750 quentissimo
346 2686 449 2733 senatu
462 2675 603 2734 Calendis
618 2676 637 2732 J
639 2676 777 2749 anuariis,
792 2677 921 2756 sedente·
931 2688 1044 2753 patruo,
1061 2677 1139 2734 banc

144 2754 197 2812 tibi
210 2773 273 2812 esse
296 2774 363 2812 cum
385 2754 539 2813 Dolabellri
562 2774 682 2813 causam
702 2756 771 2828 odii,
785 2757 883 2815 dicere
898 2776 986 2815 ausus
1004 2777 1046 2828 es,
1061 2754 1140 2832 quod
1157 2761 1193 2817 ³0

144 2834 181 2891 ab
194 2852 229 2891 eo
242 2834 332 2893 sorori
346 2843 376 2891 et
389 2833 472 2893 uxori
486 2844 544 2892 tuae
557 2844 690 2911 stuprum
710 2836 840 2894 oblatum
853 2855 917 2894 esse
938 2836 1138 2913 comperisses.

143 2912 221 2974 Quis
251 2913 435 2990 interpretari
453 2925 558 2990 potest,
580 2915 825 2992 impudentiorne,
846 2915 946 2991 quiin
967 2926 1080 2986 senatu,
1103 2934 1140 2972 an

145 2991 309 3068 improbior,
323 2992 373 3068 qui
395 2993 425 3049 in
450 2992 642 3066 Dolabellam,
658 3013 696 3052 an
718 2994 867 3072 impurior,
888 2994 938 3070 qui
959 3008 1040 3071 patre
1062 2994 1142 3052 audi·

98 3081 102 3091 ‘
145 3082 223 3141 ente,
246 3090 283 3128 an
305 3071 458 3143 crudelior,
479 3072 528 3147 qui
549 3073 681 3131 inillam
696 3073 837 3132 miseram
857 3084 918 3131 tam
945 3072 1061 3150 spurce,
1082 3084 1142 3130 tam

146 3148 247 3224 impie,
261 3150 389 3208 dixerisl
1159 3153 1195 3209 35

186 3227 338 3286 XXXIX.
381 3229 441 3286 Sed
463 3229 498 3288 ad
518 3230 711 3308 chirographa
724 3232 886 3290 redeamus.
927 3232 1006 3294 Quae
1019 3242 1070 3290 tua
1089 3232 1143 3290 fuit

146 3307 296 3384 cognitiol
338 3308 417 3366 Acta
430 3309 510 3366 enim
524 3309 659 3383 Caesaris,
673 3311 756 3387 pacis
776 3312 876 3382 causi,
891 3311 1061 3371 confirmata
1075 3322 1143 3370 sunt

146 3405 164 3445 a
177 3397 291 3460 senatu,
305 3407 370 3463 quus
390 3387 508 3463 quidem
522 3389 622 3447 Gaesar
642 3390 761 3468 egisset,
776 3410 835 3449 non
856 3410 902 3463 ea,
915 3411 980 3468 quar
994 3386 1155 3449 Caesarem'

146 3467 238 3543 egisse
252 3467 374 3525 dixisset
386 3468 543 3526 Antonius.
586 3468 671 3527 Unde
686 3470 742 3528 ista
754 3472 932 3547 erumpuntl
952 3491 1009 3547 quo
1023 3483 1141 3530 auctore

145 3545 350 3621 proferuntur!
393 3547 426 3604 Si
454 3560 522 3605 sunt
549 3547 630 3620 salsa,
653 3569 706 3607 cur
730 3551 909 3625 probanturl
937 3551 962 3608 si
989 3571 1066 3623 vera,
1088 3569 1140 3609 cur
1158 3546 1194 3600 4⁰

147 3626 293 3683 reneuntl
334 3626 376 3684 At
389 3626 433 3684 sic
456 3628 616 3703 placuerat,
632 3641 673 3701 ut,
688 3649 725 3687 ex
738 3630 880 3688 Calendis
903 3629 1010 3702 Juniis,
1026 3632 1063 3688 de
1077 3631 1143 3688 Cae·

147 3704 219 3761 saris
233 3704 306 3762 actis
319 3707 522 3765 cumconsilio
536 3709 760 3785 cognosceretis.
794 3709 886 3783 Quod
901 3709 955 3767 suit
966 3708 1141 3771 consiliuml

147 3802 233 3860 quem
243 3802 370 3860 unquam
386 3786 556 3846 advocdstil
576 3807 649 3864 quas
663 3788 814 3847 calendas
826 3787 932 3846 Juuias
942 3785 1141 3863 exspectastit

147 3881 185 3920 an
199 3880 259 3934 eas,
275 3863 310 3921 ad
325 3883 397 3940 quas
409 3875 449 3938 te,
462 3868 622 3943 peragratis
632 3878 837 3927 veteranorum
861 3865 993 3934 coloniis,
1008 3864 1144 3937 stipatum

148 3940 234 4014 aruis
248 3942 393 4014 retulisti
494 3960 504 3967 ·
1162 3947 1180 3998 t
1245 3935 1249 3948 '
