2692 4484
162 324 203 383 04
426 319 564 371 onemo
586 320 657 373 rao
679 320 779 371 nuos
800 318 997 371 berosino,
1065 380 1067 383 .

212 465 342 524 dixeras:
363 464 470 538 ita-que
485 463 587 522 fecisti.
629 463 740 521 Horam
754 481 841 521 uuam
856 474 906 521 aut
927 464 1000 521 duas
1022 467 1126 524 eodem
1139 468 1209 528 loco

213 555 346 614 armatos,
359 555 390 600 ut
410 543 543 600 collocati
565 542 687 611 lucrant,
702 543 827 600 retinere
848 557 987 619 magnum
1008 544 1083 603 suitl
1123 545 1206 605 Cirm

213 623 242 682 in
257 623 387 681 convivio
400 622 519 680 comiter
533 632 562 678 et
573 619 702 696 jucunde
718 620 830 691 fuisses,
843 630 905 678 tum
929 622 999 680 illuc
1022 622 1081 695 isti,
1096 637 1128 681 ut
1142 626 1206 684 dix·

212 722 284 761 eras.
325 701 396 762 Quo
410 701 439 758 in
453 701 516 758 loco
526 699 700 757 'Deiotarum
713 699 801 757 talem
814 718 885 778 erga
897 711 926 759 te
949 702 1118 779 cognovisti,
1132 723 1205 779 qua·

181 782 248 844 slis
261 800 312 838 rex
325 780 442 837 Attalus
455 779 485 836 in
506 778 539 837 P.
555 775 727 837 Africanum
749 778 820 849 fuit3
842 778 891 836 cni
912 780 1203 857 magnificentissima

213 861 298 931 dona,
320 869 351 916 ut
372 858 510 935 scriptum
532 857 666 935 legimus,
682 875 772 932 usque
795 857 831 914 ad
852 856 1045 916 Numantiam
1065 860 1144 918 misit
1164 881 1203 920 ex

213 939 303 1008 Asid;
323 956 387 1014 quae
412 937 577 1007 Africanus,
592 936 772 1012 inspectante
793 937 931 1008 exercitu,
947 937 1068 1014 accepit.
1109 940 1202 1001 Quod

213 1016 280 1076 cdm
295 1036 419 1094 praesens
433 1016 596 1086 Deiotarus,
611 1015 691 1091 regio
704 1024 733 1072 et
747 1015 843 1073 animo
856 1026 886 1073 et
908 1034 997 1088 more,
1013 1017 1146 1089 fecisset;
1167 1030 1201 1077 tu

213 1097 244 1155 in
257 1096 423 1154 cubiculum
438 1094 604 1153 discessisti.

166 1183 199 1238 1⁰
251 1175 392 1243 Obsecro,
415 1174 524 1244 Caesar,
548 1182 644 1248 repete
665 1171 800 1248 temporis
823 1171 901 1230 illius
919 1170 1103 1232 memoriam:
1123 1196 1201 1253 pone

213 1253 293 1311 illum
307 1263 374 1311 ants
393 1253 492 1311 oculos
514 1252 608 1310 diem:
629 1251 724 1308 vultus
746 1251 894 1310 hominurn
915 1261 944 1309 te
966 1251 1137 1311 intuentium
1157 1264 1201 1313 at·

212 1351 268 1407 que
283 1332 486 1389 admirantium
499 1330 659 1389 recordare.
701 1329 730 1388 N
733 1347 781 1386 um
795 1348 859 1405 quse
872 1330 1046 1407 trepidatio'l
1066 1351 1135 1390 num
1149 1334 1200 1409 qui

212 1410 372 1467 tumultusl
393 1409 556 1485 numquid,
571 1407 626 1466 nisi
641 1406 799 1479 moderatd,
813 1408 870 1466 nisi
892 1408 1000 1485 quiete,
1014 1411 1071 1467 nisi
1094 1431 1129 1469 ex
1150 1414 1201 1470 ho-

213 1489 299 1546 minis
326 1488 486 1565 gravissimi
514 1498 543 1545 et
570 1486 744 1545 sanctissimi
772 1487 948 1564 disciplinst
1000 1489 1084 1550 Quid
1111 1491 1200 1568 igitur

166 1571 198 1626 15
213 1586 307 1625 csusae
321 1567 479 1644 excogitari
492 1577 593 1644 potest,
608 1583 660 1623 cur
673 1575 703 1623 te
716 1573 827 1623 tautum
840 1567 972 1638 voluerit,
986 1580 1130 1629 crenatum
1149 1589 1201 1627 no·

212 1647 307 1717 luerit,
320 1647 476 1704 occiderel

252 1724 287 1783 In
301 1737 445 1800 posterum
467 1723 587 1804 (inquit)
609 1724 687 1782 diem
706 1724 832 1795 distulit;
853 1734 886 1784 ut
906 1721 985 1796 cirm,
999 1724 1029 1782 in
1050 1725 1200 1784 castellum

213 1802 354 1860 Luceium
375 1813 491 1861 ventum
511 1813 596 1875 esset,
621 1802 661 1860 ibi
682 1803 808 1881 cogitata
827 1804 986 1880 perficeret.
1028 1803 1097 1863 Non
1117 1806 1201 1863 video

213 1899 330 1938 causam
359 1881 415 1939 loci
436 1882 583 1940 mutandi:
614 1882 665 1939 sed
693 1891 790 1940 tamen
812 1893 878 1940 acta
903 1902 950 1940 res
970 1881 1125 1942 criminose
1146 1894 1199 1942 est

162 1960 199 2015 20
213 1957 300 2031 Cirm,
316 1960 416 2036 inquit,
431 1979 545 2019 vomere
558 1972 587 2019 te
599 1971 663 2037 post
683 1979 797 2018 coenam
819 1961 893 2018 velle
914 1962 1044 2031 dixisses,
1059 1961 1089 2019 in
1103 1962 1201 2020 balne-

213 2058 262 2095 um
276 2050 307 2097 te
319 2040 426 2099 ducere
440 2050 604 2116 coeperunt;
626 2039 667 2096 ibi
689 2041 767 2097 enlm
790 2051 873 2097 erant
886 2040 1005 2098 insidias.
1047 2041 1089 2096 At
1103 2051 1132 2098 te
1152 2059 1201 2099 ea·

213 2118 279 2176 dem
293 2130 344 2176 tua
358 2118 471 2177 fortuna
485 2120 626 2177 servavit:
648 2118 679 2176 in
702 2118 869 2176 cubiculum
891 2128 921 2176 te
936 2117 978 2175 ire
991 2117 1077 2174 malle
1091 2118 1198 2177 dixisti.

213 2196 263 2254 Dii
276 2208 305 2256 te
319 2198 461 2274 perduint,
477 2197 613 2276 fugitivel
635 2197 677 2257 ita
690 2217 747 2256 nou
761 2195 846 2255 modd
860 2214 984 2271 nequam
1001 2206 1031 2254 et
1044 2195 1199 2272 improbus,

213 2276 263 2333 sed
284 2277 380 2335 fatuus
402 2287 432 2335 et
454 2296 553 2335 amens
566 2296 605 2336 es.
646 2276 752 2337 Quidl
773 2275 821 2333 ille
843 2275 927 2352 signa
949 2293 1031 2333 renea
1044 2274 1074 2332 in
1088 2275 1200 2333 insidiis

162 2351 198 2405 2⁵
212 2367 354 2431 posuerat,
368 2374 432 2431 quse
445 2375 463 2412 e
477 2357 579 2415 balneo
593 2356 623 2414 in
637 2354 805 2413 cubiculum
824 2353 973 2412 transferri
993 2373 1050 2411 non
1064 2356 1198 2430 possenti

254 2433 354 2491 Habes
383 2434 508 2492 crimina
538 2434 725 2492 insidiarum:
758 2432 831 2491 nihil
861 2433 939 2490 enim
967 2431 1039 2490 dixit
1068 2433 1199 2509 amplius.

214 2510 336 2581 Horum,
351 2510 454 2585 inquit,
469 2530 548 2569 eram
569 2512 712 2570 conscius.
752 2511 836 2575 Quid
855 2512 937 2568 tuml
958 2510 999 2568 ita
1018 2511 1138 2569 demens
1151 2511 1200 2570 ille

213 2597 284 2658 erat,
299 2597 421 2659 meum,
436 2608 522 2664 quem
536 2591 686 2664 conscium
699 2590 772 2649 tanti
795 2589 913 2648 sceleris
933 2590 1069 2662 habebat,
1083 2610 1101 2647 a
1114 2611 1145 2647 se
1158 2591 1212 2658 dig⁸

213 2666 358 2723 mitteretl
399 2667 525 2725 Romam
539 2669 626 2727 etiam
640 2669 776 2740 mitteret,
791 2669 841 2727 ubi
855 2681 885 2726 et
899 2668 1129 2727 inimicissimum
1144 2668 1199 2726 sci·

162 2751 199 2805 30
214 2755 257 2802 ret
270 2763 333 2802 esse
347 2757 479 2820 nepotem
493 2767 588 2819 suum,
603 2759 632 2805 et
645 2749 680 2806 C.
696 2748 852 2817 Caesarem,
867 2749 917 2805 cni
931 2747 1047 2805 lecisset
1060 2746 1198 2805 insidias?

188 2866 195 2881 .
212 2823 368 2900 praesertim
383 2821 451 2881 edm
465 2824 490 2882 is
503 2845 578 2884 unus
591 2836 676 2898 esset,
697 2826 745 2900 qni
758 2837 854 2903 posset
872 2825 923 2904 [de
944 2827 1061 2884 absente
1084 2846 1114 2883 se
1128 2826 1200 2883 indi·

213 2903 304 2983 care]
347 2902 385 2960 Et
405 2903 506 2961 fratres
525 2924 613 2976 meos,
634 2905 736 2982 inquit,
750 2903 828 2981 qudd
848 2916 931 2963 erant
951 2906 1071 2975 conscii,
1092 2905 1121 2961 in
1141 2904 1200 2961 vin-
1264 2962 1269 2970 ,

214 2982 280 3040 cula
300 2982 433 3058 conjecit.
474 2982 552 3041 Ciam
572 2984 659 3062 igitur
680 3005 729 3044 eos
749 2983 880 3056 vinciret,
902 3004 973 3060 quos
993 3003 1093 3042 secum
1113 2983 1198 3039 habe·

137 3126 143 3135 ⁵
213 3062 277 3131 bat;
299 3072 328 3120 te
348 3061 473 3120 solutum
494 3062 620 3120 Romam
647 3065 788 3134 mittebat,
810 3063 859 3139 qui
887 3064 989 3121 eadem
1018 3063 1117 3132 scires,
1137 3079 1199 3136 quae

162 3130 198 3205 di
214 3141 276 3198 illos
290 3140 366 3199 scire
380 3140 476 3199 dicisl

253 3220 339 3278 VIII.
360 3220 488 3296 Reliqua
506 3239 573 3297 pars
593 3221 787 3280 accusationis
800 3221 905 3298 duplex
921 3221 992 3289 finit:
1013 3239 1082 3290 una,
1103 3236 1199 3294 regem

213 3319 324 3376 semper
345 3299 374 3357 iu
395 3299 520 3375 speculis
540 3299 638 3371 fuisse,
653 3299 721 3358 ciam
743 3311 802 3358 ate
823 3300 920 3357 animo
933 3309 1008 3356 esset
1029 3297 1141 3367 alien03
1162 3295 1201 3352 al·

213 3387 284 3447 tera,
299 3378 458 3436 exercitum
472 3398 539 3437 eum
554 3388 655 3436 contra
666 3389 697 3437 te
711 3397 847 3455 magnum
862 3376 1053 3453 comperisse.
1094 3375 1140 3432 De
1154 3394 1201 3431 ex·

213 3455 305 3511 ercitu
320 3456 415 3513 dicam
430 3457 562 3528 breviter,
577 3468 609 3515 nt
629 3469 741 3517 caetera.
783 3454 941 3529 Nunquam
962 3470 1012 3508 eas
1033 3452 1130 3523 copias
1149 3469 1200 3508 rex

164 3531 198 3584 to
214 3531 367 3590 Deiotarus
382 3534 490 3605 habuit,
504 3536 609 3613 quibus
623 3535 728 3594 inferre
741 3531 847 3590 bellum
868 3529 972 3607 populo
992 3526 1126 3584 Romano
1138 3546 1201 3603 pos·

213 3622 272 3681 set;
293 3612 344 3669 sed
358 3613 462 3686 quibus
475 3613 548 3673 fines
561 3634 628 3672 suos
642 3615 679 3670 ab
698 3609 915 3671 excursionibus
935 3605 1060 3665 hostium
1073 3613 1104 3662 et
1116 3605 1201 3663 latro·
1301 3668 1307 3677 ,

213 3689 299 3748 ciniis
312 3701 449 3762 tueretur,
463 3703 493 3749 et
507 3691 723 3770 imperatoribus
736 3688 839 3748 nostris
850 3687 957 3746 auxilia
971 3683 1105 3743 mitteret
1149 3685 1201 3742 At·

212 3786 269 3845 que
296 3782 381 3860 aptes
400 3770 517 3860 quidem
537 3770 659 3847 majores
679 3769 776 3847 copias
797 3767 874 3826 alere
893 3775 1023 3845 poterat3
1043 3784 1124 3823 nnnc
1144 3763 1201 3823 exi·
1272 3796 1273 3799 =

212 3866 285 3924 guas
298 3868 345 3907 vix
355 3859 429 3907 tuen
442 3859 541 3923 potest.
