2692 4484
365 331 502 382 ORATIO
523 332 593 382 ulto
612 332 648 382 ‘tt
670 330 786 381 Attalo
809 329 962 381 MILONE.
1151 332 1228 417 Μ’

168 478 250 535 claro
260 486 357 535 motu:
378 475 434 533 nisi
455 474 528 533 forte
543 476 654 534 idcirco
667 494 731 532 esse
754 494 813 533 nou
825 483 937 552 putant,
953 472 1095 550 quianon
1116 493 1162 551 ap·

169 565 259 631 paret,
273 575 328 613 nec
349 556 494 613 cernitur:
514 554 634 631 proinde
655 554 739 629 quasi
763 562 889 611 nostram
910 554 1002 631 ipsam
1023 563 1161 625 mentem,

170 635 227 708 qud
239 635 374 710 sapimus,
388 634 446 710 quii
458 634 652 710 providemus,
665 632 724 708 qud
738 631 802 690 haec
816 631 879 709 ipsa
899 633 1012 711 agimus
1034 651 1070 690 ac
1090 631 1162 690 dici·

169 730 242 783 mus,
256 712 363 783 videre,
379 722 429 770 aut
450 710 547 789 plane,
570 712 663 788 qualis
688 720 738 767 aut
751 710 801 768 ubi
822 710 869 782 sit,
883 712 989 769 sentire
1008 710 1159 787 possimus.

154 790 214 848 'Ea
232 791 285 863 ris,
300 810 336 849 ea
359 801 404 849 est
425 791 512 867 igitur
527 792 599 867 ipsa,
620 809 684 865 quae
704 808 779 865 soepe
799 789 984 848 incredibiles
1004 788 1074 847 huic
1094 790 1160 848 urbi
1191 792 1210 846 5

168 868 321 927 felicitates
335 879 421 945 atque
435 888 503 945 opes
517 870 622 939 attulit,
635 888 699 943 quae
714 867 792 925 illam
804 867 962 944 perniciem
975 868 1110 926 exstinxit
1123 888 1159 927 ac

168 948 298 1018 sustulit3
320 949 370 1006 cui
382 946 509 1024 primirm
522 957 649 1005 mentem
673 945 783 1021 injecit,
797 955 829 1002 ut
842 946 870 1004 vi
891 946 1012 1017 irritare,
1027 948 1159 1022 ferroque

168 1026 322 1098 lacessere,
350 1024 536 1085 fortissimum
556 1025 649 1083 virum
669 1025 797 1095 auderet,
817 1025 1036 1099 vincereturque
1057 1025 1093 1082 ab
1113 1046 1158 1097 eo,

169 1123 256 1179 quem
276 1106 302 1163 si
321 1104 448 1174 vicisset,
472 1104 622 1161 habiturus
648 1113 725 1170 esset
744 1103 943 1179 impunitatem
962 1112 992 1160 et
1011 1103 1158 1162 licentiam

170 1184 384 1259 sempiternam.
425 1181 493 1240 Non
507 1192 551 1240 est
560 1183 686 1240 humano
694 1181 823 1253 consilio,
834 1201 871 1239 ne
884 1180 1023 1240 mediocri
1031 1182 1156 1257 quidem,
1173 1194 1208 1248 10

177 1262 303 1337 judices,
318 1261 446 1318 Deorum
460 1261 669 1320 immortalium·
684 1260 765 1331 curri,
779 1279 826 1317 res
840 1260 890 1317 illa
901 1261 1036 1336 perlecta
1076 1261 1159 1320 Reli·

172 1340 273 1416 giones
287 1338 479 1418 (mehercule)
494 1340 572 1417 ipsas,
585 1359 649 1416 quae
662 1340 743 1398 illam
757 1339 883 1398 belluam
897 1339 1002 1397 cadere
1015 1340 1157 1413 viderunt,

172 1418 332 1477 oommdsse
345 1438 377 1477 se
400 1419 540 1492 videntur,
562 1429 592 1478 et
610 1419 658 1496 jus
680 1418 710 1477 iu
724 1418 774 1477 illo
793 1436 877 1476 suum
896 1417 1057 1477 retinuisse.
1098 1419 1159 1478 Vos

171 1497 249 1555 enim
265 1499 335 1574 jam,
361 1497 469 1555 Albani
490 1498 593 1556 tumuli
617 1508 703 1573 atque
722 1497 792 1569 luci,
812 1516 872 1569 vos,
893 1496 1021 1572 inquam,
1041 1497 1159 1574 imploro

170 1585 256 1650 atque
269 1586 365 1648 testor,
379 1595 495 1651 vosque,
509 1577 691 1636 Albanorum
704 1577 813 1635 obrute
828 1595 894 1647 arae,
903 1594 1051 1634 sacrorum
1063 1577 1158 1653 populi
1172 1584 1208 1638 15

169 1653 296 1713 Romani
310 1655 395 1714 sociae
416 1665 445 1713 et
459 1656 592 1733 aquales,
613 1675 686 1732 quas
702 1656 763 1727 ille,
776 1674 904 1732 preceps
925 1654 1062 1726 amentia,
1077 1655 1159 1713 cresis

168 1733 370 1809 prostratisque
390 1735 580 1793 sanctissimis
599 1734 684 1806 lucis,
711 1735 957 1792 substructionum
978 1733 1088 1791 insanis
1101 1753 1160 1793 mo·

169 1811 243 1869 libus
255 1823 448 1890 oppresserat,
469 1824 570 1872 vestre
590 1823 653 1872 tum
677 1832 744 1886 arae,
758 1823 858 1871 vestrae
880 1812 1043 1890 religiones,
1061 1813 1159 1890 vigue-

168 1901 235 1948 runt
242 1912 250 1962 ;
271 1902 365 1950 vestra
384 1892 427 1949 vis
456 1893 555 1965 valuit,
582 1911 669 1969 quam
689 1893 739 1950 ille
765 1892 846 1951 omni
872 1892 982 1950 scelere
1000 1891 1156 1968 polluerat;

167 1978 265 2045 tuque,
279 1990 315 2029 ex
327 1980 378 2030 tuo
391 1971 468 2029 edito
481 1982 589 2042 moute,
602 1971 729 2029 Latiaris
748 1981 849 2029 sancte
869 1969 992 2047 Jupiter,
1007 1969 1089 2046 cujus
1109 1970 1158 2030 ille
1171 1985 1207 2041 m

168 2047 259 2120 lacus,
273 2069 400 2120 nemora,
414 2050 553 2125 finesque,
567 2069 642 2126 saepe
663 2048 742 2107 omni
755 2049 867 2108 nefario
880 2058 978 2125 stupro
998 2059 1028 2107 et
1048 2049 1158 2108 scelere

169 2127 339 2199 macularat,
360 2127 443 2202 aliqu¹
477 2129 514 2187 do
537 2127 661 2192 adeum
684 2129 862 2205 puniendum
881 2127 981 2186 oculos
1004 2128 1157 2204 aperuisti:

169 2206 249 2262 vobis
262 2205 328 2276 illae,
342 2205 423 2264 vobis
485 2216 530 2264 tro
550 2207 581 2264 in
603 2216 769 2283 conspectu,
790 2226 872 2279 sere,
894 2205 946 2264 sed
956 2206 1041 2282 juste
1060 2216 1159 2267 tamen

169 2294 199 2340 et
213 2282 327 2355 debite,
353 2303 445 2360 poenae
465 2285 564 2343 solutae
584 2295 659 2343 sunt.
700 2284 767 2344 Nisi
795 2282 867 2344 torte
889 2285 944 2344 hoc
971 2285 1059 2343 etiam
1088 2305 1159 2345 casu

170 2360 279 2419 iactum
292 2381 356 2420 esse
369 2362 509 2435 dicemus,
524 2374 565 2435 ut,
581 2374 648 2422 ante
671 2364 765 2440 ipsum
787 2364 947 2423 sacrarium
959 2363 1055 2423 Bone
1075 2364 1157 2438 Dete,
1170 2375 1206 2430 25

168 2439 246 2522 quod
259 2442 345 2499 estin
359 2442 448 2501 fundo
460 2442 498 2500 Τ.
514 2442 606 2500 Sextii
620 2442 707 2515 Galli,
723 2443 866 2521 inprimis
886 2442 999 2501 honesti
1020 2453 1050 2501 et
1062 2444 1158 2503 ornati

168 2518 368 2592 adolescentis,
385 2530 450 2578 ante
464 2521 564 2597 ipsam,
579 2521 707 2597 inquam,
722 2522 832 2580 Bonam
852 2521 956 2594 Deam
971 2519 1040 2580 ciam
1062 2523 1157 2598 proeli·

167 2615 216 2654 nm
231 2598 429 2670 commisisset,
442 2598 567 2675 primirm
589 2599 660 2657 illud
684 2601 788 2659 vulnus
802 2601 955 2678 acciperet,
970 2618 1027 2675 quo
1045 2601 1156 2659 teterri-

166 2693 243 2734 mam
263 2687 383 2736 mortem
412 2678 521 2749 obirat;
543 2688 652 2738 utnon
675 2680 820 2738 absolutus
843 2679 955 2757 judicio
974 2679 1024 2738 illo
1043 2680 1156 2740 nefario

167 2754 319 2826 videretur,
334 2756 385 2814 sed
400 2758 436 2814 ad
449 2758 526 2817 banc
540 2757 685 2835 insignem
697 2777 812 2835 posnam
825 2768 995 2817 reservatus.
1078 2805 1082 2815 .
1167 2766 1204 2820 80

204 2833 339 2892 XXXII.
360 2833 427 2894 Nec
440 2834 508 2894 verb
522 2856 581 2895 non
595 2838 698 2895 eadem
712 2837 755 2895 ira
767 2837 896 2896 Deorum
906 2839 983 2896 hanc
996 2836 1057 2912 ejus
1070 2838 1155 2896 satel-

164 2910 263 2970 litibus
282 2913 383 2990 injecit
413 2915 579 2987 amentiam,
606 2925 648 2987 ut,
677 2916 740 2974 sine
770 2916 955 2993 imaginibus,
982 2915 1045 2974 sine
1066 2925 1155 2974 cantu

165 3001 251 3066 atque
264 2992 350 3063 ludis,
364 2993 427 3051 sine
440 2995 593 3069 exsequiis,
607 2994 670 3053 sine
691 2994 835 3066 lamentis,
848 2995 911 3052 sine
930 2994 1154 3066 laudationibus,

165 3069 227 3126 sine
248 3071 358 3141 funere,
373 3071 477 3129 oblitus
497 3090 599 3130 cruore
625 3083 655 3131 et
673 3072 744 3144 luto,
769 3072 905 3150 spoliatus
931 3072 1009 3130 illius
1029 3072 1154 3150 supremi

165 3146 224 3204 diei
238 3148 406 3207 celebritate
419 3168 505 3224 quam
519 3151 679 3209 concedere
700 3152 788 3208 etiam
808 3150 919 3209 inimici
937 3151 1041 3222 solent,
1057 3151 1155 3208 ambu-
1166 3154 1201 3209 35

164 3235 274 3285 teretur
289 3228 426 3303 abjectus.
467 3226 535 3286 Non
558 3228 645 3286 fuisse
665 3230 753 3288 credo
773 3230 827 3300 sas,
842 3228 1066 3288 clarissimorum
1082 3229 1154 3288 viro·

163 3323 227 3362 rum
248 3305 354 3364 formas
373 3306 415 3363 illi
435 3306 582 3365 teterrimo
600 3306 750 3383 parricide
771 3306 880 3383 aliquid
906 3307 1019 3366 decoris
1039 3308 1151 3381 afferre,

161 3402 256 3458 neque
270 3384 330 3443 ullo
342 3385 373 3442 in
386 3384 451 3443 loco
462 3381 558 3462 potids
571 3396 693 3445 mortem
705 3385 767 3463 ejus
785 3385 918 3459 lacerari,
939 3383 1026 3463 quim
1045 3386 1076 3444 iu
1094 3406 1151 3463 quo

159 3462 219 3519 vita
232 3473 309 3522 esset
329 3463 474 3521 damnata.

200 3540 282 3599 Dura
295 3542 365 3600 mibi
380 3541 621 3620 (mediusfidius)
639 3542 700 3619 jam
720 3542 834 3602 fortuna
851 3543 948 3622 populi
961 3542 1099 3616 Romani,
1120 3554 1150 3603 et
1162 3556 1198 3610 40

160 3619 295 3691 crudelis,
308 3619 467 3693 videbatur,
482 3639 546 3696 quas
560 3630 601 3680 tot
615 3640 706 3680 annos
719 3622 800 3680 illum
814 3622 844 3682 in
854 3625 932 3682 hanc
940 3623 1149 3701 rempublicam

161 3696 299 3756 insultare
312 3699 420 3757 rideret
432 3710 462 3759 et
473 3709 626 3777 pateretur.
668 3700 814 3760 Polluerat
833 3711 930 3779 stupro
950 3699 1148 3760 sanctissimas

159 3775 331 3851 religiones:
351 3779 468 3836 senatuis
485 3779 654 3856 gravissima
666 3778 784 3839 decreta
805 3781 1001 3857 perfregerat:
1022 3776 1148 3856 pecunia

158 3874 190 3912 se
213 3853 309 3932 paldm
323 3873 341 3913 a
356 3854 503 3933 judicibus
525 3858 703 3916 redemerat:
724 3858 842 3916 vexarat
858 3858 889 3914 in
902 3857 1051 3913 tribunatu
1064 3870 1147 3911 sena-
