2692 4484
63 294 67 299 ’
137 280 312 411 ᾫρΰᾚῃ
354 327 934 380 ·0nnvrou1.1nn.cnnrn1nnu.
1157 334 1199 395 aa

165 475 353 535 diminutione
364 473 481 544 civium,
492 483 521 531 et
531 471 640 546 quanti
650 470 815 529 calamitate
824 470 1002 547 reipublicae.
1035 471 1151 532 Dissen-

80 589 84 595 ·
165 557 203 614 sit
217 554 257 610 M.
273 553 399 628 Lepidus
414 571 431 609 a
445 552 605 613 clarissimo
618 562 648 608 et
661 550 814 608 fortissimo
827 551 896 621 viro,
910 550 951 612 Q·
967 551 1093 608 Catulo:
1114 561 1153 608 at·

165 633 230 690 tulit
244 651 300 689 non
313 641 373 688 tam
387 632 476 707 ipsius
500 630 633 688 interitus
653 629 819 705 reipublicae
831 629 953 701 luctum,
968 627 1057 704 quim
1070 632 1154 687 crete·

165 729 270 770 rorum.
1228 753 1231 757 .

205 791 301 863 Atque
316 789 371 847 illae
385 786 577 845 dissensiones
590 795 672 844 erant
683 784 854 860 hujusmodi,
863 785 1006 857 Quirites,
1017 803 1081 861 quae
1094 804 1153 844 non
1184 790 1203 843 5

166 869 203 925 ad
217 869 379 937 delendam,
389 867 440 923 sed
452 866 488 922 ad
499 864 742 935 commutandam,
751 864 957 938 rempublicam
967 865 1151 941 pertinerent

166 946 235 1003 Non
249 947 290 1003 illi
304 947 413 1003 nnllam
433 964 496 1002 esse
517 942 734 1017 rempublicam,
751 943 812 1012 sed,
827 943 857 998 in
877 942 912 999 ei
932 961 995 1017 quae
1014 951 1099 1012 esset,
1120 961 1152 999 se

166 1044 230 1082 esse
243 1026 403 1100 principes;
424 1041 520 1096 neque
534 1023 609 1078 hanc
622 1023 724 1078 urbem
740 1019 928 1096 conflagrare,
942 1021 993 1077 sed
1006 1039 1038 1077 se
1052 1020 1081 1077 in
1095 1021 1152 1077 hac

166 1104 239 1160 urbe
265 1103 376 1173 florere,
404 1102 561 1159 voluerunt.
603 1101 700 1174 Atque
727 1100 782 1156 illm
806 1109 903 1155 tamen
925 1117 1024 1156 omnes
1044 1098 1153 1156 dissen-

167 1182 271 1251 siones,
286 1200 408 1256 quarum
432 1179 511 1237 nulla
533 1178 652 1235 exitium
675 1176 840 1253 reipublicae
861 1177 999 1251 quaesivit,
1013 1177 1151 1252 ejusmodi
1167 1180 1201 1232 10

169 1260 293 1330 fuerunt,
307 1271 349 1328 nt,
364 1278 421 1314 non
442 1256 675 1315 reconciliatione
698 1255 868 1326 concordias,
883 1255 934 1312 sed
956 1255 1152 1314 internecione

168 1338 285 1407 civium,
310 1336 475 1412 dijudicatas
498 1335 562 1391 sint.
604 1334 640 1391 In
664 1335 719 1391 hoc
734 1344 830 1391 autem
852 1353 910 1391 uno
930 1344 991 1410 post
1005 1334 1152 1391 hominnm

168 1417 337 1473 memoriam
351 1415 475 1470 maximo
489 1412 743 1486 crudelissimoque
757 1412 840 1481 bello,
855 1413 939 1485 quale
953 1412 1059 1470 bellum
1072 1412 1153 1469 nulla

169 1511 296 1566 unquam
311 1493 443 1549 herbaria
456 1511 523 1547 cum
537 1491 591 1547 sui
605 1501 691 1567 gente
705 1491 803 1566 gessit,
818 1490 932 1565 (quoin
945 1491 1020 1548 bello
1029 1491 1076 1548 lex
1089 1492 1152 1547 haec

78 1570 85 1580 “
169 1571 223 1628 firit
238 1571 400 1639 aLentu10,
415 1567 553 1637 Catilina,
578 1570 690 1638 Cassio,
705 1569 835 1642 Cethego
847 1569 1020 1639 constituta,
1043 1578 1075 1625 nt
1093 1586 1153 1626 om·
1168 1566 1202 1619 15

169 1668 230 1718 nes,
244 1648 293 1722 qui
317 1647 395 1705 salvi
418 1647 499 1704 urbe*
513 1646 591 1702 salvi·
607 1664 671 1702 esse
694 1654 818 1719 possent,
833 1645 863 1701 in
886 1646 1010 1702 hostium
1033 1663 1153 1702 numero

169 1727 355 1804 ducerentur)
371 1727 412 1782 ita
425 1744 471 1782 me
485 1725 571 1801 gessi,
585 1722 730 1792 Quirites,
744 1734 777 1779 ut
799 1740 899 1780 omnes
922 1723 998 1779 salvi
1006 1741 1154 1781 conserva·

169 1806 288 1862 remini:
308 1815 347 1876 et,
362 1803 430 1862 cirin
448 1806 543 1861 hostes
566 1801 653 1860 vestri
676 1811 789 1859 tantum
812 1800 919 1858 civium
942 1801 1153 1877 superfuturum

168 1884 324 1960 punissent,
338 1894 476 1959 quantum
490 1882 609 1939 infinitae
621 1880 695 1938 oaedi
705 1878 865 1949 restitisset,
875 1888 987 1936 tantum
998 1890 1093 1937 autem
1107 1899 1154 1937 ur·

169 1962 222 2032 bis,
237 1972 375 2037 quantum
389 1961 504 2018 flamma
517 1962 597 2018 obire
611 1979 668 2017 non
682 1959 821 2035 potuisset
829 1975 837 2026 ;
858 1967 888 2014 et
909 1958 1010 2016 urbem
1031 1967 1061 2016 et
1074 1958 1154 2015 cives
1166 1963 1203 2018 20

169 2040 294 2116 integros
308 2041 521 2115 incolumesque
535 2038 652 2096 servavi.

207 2119 271 2174 xl:
283 2118 402 2179 Quibus
414 2137 464 2192 pro
487 2118 574 2174 tantis
597 2117 693 2185 rebus,
707 2115 851 2192 Quirites,
865 2114 976 2173 nullum
999 2133 1053 2190 ego
1074 2132 1091 2171 a
1109 2135 1155 2175 vo·

169 2195 214 2252 bis
226 2195 376 2270 premium
388 2195 509 2263 virtutis,
523 2195 633 2251 nullum
648 2194 761 2270 insigne
785 2193 910 2264 honoris,
924 2193 1035 2250 nullum
1056 2212 1154 2252 monu-

170 2283 300 2330 mentum
321 2273 415 2329 laudis
434 2272 553 2347 postulo,
579 2283 767 2347 preterquam
789 2272 874 2348 hujus
901 2272 959 2329 diei
986 2273 1152 2330 memoriam

171 2353 382 2427 sempiternam.
421 2349 457 2406 In
473 2351 575 2407 animis
588 2369 643 2426 ego
656 2351 756 2408 vestris
775 2370 874 2409 omnes
894 2351 1051 2427 triumphos
1063 2370 1151 2424 meos,
1165 2356 1201 2410 25

170 2430 267 2487 omnia
279 2438 446 2486 ornamenta
459 2429 582 2500 honoris,
597 2440 784 2487 monumenta
792 2429 899 2506 glorie,
910 2429 1005 2487 laudis
1015 2429 1150 2506 insignia,

170 2506 298 2563 condiet
319 2505 453 2563 collocari
477 2507 547 2564 volo.
588 2507 672 2564 Nihil
697 2527 743 2574 me
766 2519 877 2566 mutum
889 2518 981 2583 potest
993 2509 1149 2581 delectare,

168 2584 240 2641 nihil
255 2584 384 2655 taciturn,
408 2585 479 2642 nihil
504 2585 628 2661 denique
653 2587 824 2662 hujusmodi,
845 2588 920 2661 quod
943 2587 1030 2644 etiam
1052 2585 1150 2644 minim

168 2662 250 2738 digni¹
262 2663 372 2737 assequi
385 2664 501 2738 possint.
543 2663 686 2723 Memorii
710 2667 813 2737 vestri,
826 2665 966 2734 Quirites,
980 2675 1082 2722 nostrae
1103 2684 1150 2723 res

168 2741 288 2810 alentur,
302 2742 480 2798 sermonibus
504 2755 645 2814 crescent,
660 2745 808 2801 literarum
831 2744 1021 2801 monumentis
1043 2744 1150 2801 invete-
1162 2739 1198 2794 3⁰

166 2831 280 2877 rascent
294 2829 323 2876 et
336 2821 610 2879 corroborabuntur:
632 2823 811 2897 eandemque
825 2823 901 2879 diem
916 2822 1051 2898 intelligo,
1062 2840 1149 2897 quam

166 2917 249 2972 spero
268 2909 403 2954 aeternam
426 2898 494 2969 lore,
508 2909 538 2956 et
560 2900 596 2956 ad
618 2900 745 2957 salntem
762 2900 858 2970 Urbis,
872 2912 901 2956 et
924 2902 960 2956 ad
982 2901 1149 2957 memoriam

167 2975 331 3032 consulatis
344 2976 402 3032 mei
418 2974 615 3053 [propagatum
624 2980 644 3057 :]
668 2998 783 3052 unoque
797 2989 921 3053 ternpore
934 2978 964 3034 in
980 2979 1034 3034 hac
1048 2979 1150 3052 repub·

165 3053 222 3110 liet
237 3054 307 3109 dnos
322 3054 399 3109 cives
419 3056 568 3127 exstitisse,
589 3076 710 3130 quorum
734 3057 805 3114 alter
827 3056 897 3113 fines
918 3056 1003 3113 vestri
1027 3055 1148 3130 imperii,

165 3150 223 3188 non
236 3141 330 3200 terrae,
342 3131 392 3187 sed
407 3132 482 3200 coeli,
491 3134 655 3208 regionibus
668 3135 837 3192 terminaret
844 3155 852 3204 ;
874 3135 944 3191 alter
957 3134 1085 3208 ejusdem
1099 3133 1150 3189 irn-
1162 3128 1197 3195 35

164 3209 236 3284 perii
251 3208 431 3264 domicilium
444 3211 597 3284 sedemque
612 3224 745 3269 servaret.

205 3285 277 3343 XII.
300 3287 368 3356 Sed,
384 3288 518 3361 qnoniam
532 3308 631 3347 aarum
651 3309 757 3361 rerum,
772 3309 843 3364 quas
863 3310 918 3366 ego
936 3289 1022 3366 gessi,
1036 3300 1149 3347 nonest

164 3365 267 3421 eadem
281 3364 394 3421 fortuna
409 3375 493 3438 atque
507 3368 642 3437 conditio,
657 3387 721 3441 quae
743 3369 856 3426 illorum
878 3369 927 3442 qui
941 3379 1059 3425 externa
1073 3369 1148 3426 bella

163 3453 313 3518 gesserunt
321 3463 329 3512 ;
345 3440 423 3516 quod
437 3443 507 3500 mihi
522 3463 589 3500 cnm
603 3444 647 3501 his
661 3445 815 3502 vivendum
828 3446 874 3516 sit,
884 3447 1018 3520 quosvici
1034 3466 1068 3505 ao
1082 3449 1148 3505 sub-

163 3521 225 3597 egi;
254 3520 299 3577 isti
327 3521 423 3578 hostes
449 3530 498 3578 aut
525 3522 689 3581 interfectos
717 3533 766 3581 aut
791 3543 937 3600 oppressos
962 3525 1145 3598 reliquerint3
1159 3531 1195 3585 40

163 3610 287 3657 vestrum
301 3610 354 3669 est,
367 3599 509 3670 Quirites,
524 3600 548 3657 si
562 3601 674 3660 ceteris
694 3622 747 3659 sna
767 3602 844 3660 sacta
856 3612 982 3678 prosunt,
997 3603 1068 3659 mihi
1082 3621 1148 3661 mea

163 3678 328 3752 nequando
340 3677 445 3748 obsint,
468 3679 623 3755 providere.
666 3680 782 3738 Mentes
805 3680 882 3737 enim
899 3681 1046 3739 hominum
1061 3682 1148 3737 auda·
1175 3748 1181 3757 .

164 3757 341 3814 cissimorum
355 3757 501 3815 sceleratae
517 3777 552 3816 ac
565 3759 682 3816 nefariae
693 3779 730 3816 ne
744 3760 823 3816 vobis
836 3779 941 3816 nocere
954 3769 1078 3834 possent,
1093 3775 1148 3830 ego

163 3833 287 3909 providi:
315 3854 353 3893 ne
374 3836 447 3893 mihi
469 3847 602 3909 noceant,
627 3849 753 3896 vestrum
775 3847 828 3908 est,
849 3838 1005 3912 providere.
1045 3834 1148 3894 Quan-
