2692 4484
146 333 187 395 76
446 325 582 376 onusto
604 324 673 376 ruo
695 326 728 384 e.
751 324 913 376 utonem.

193 460 352 529 venissetis.
393 469 523 527 Venistis
554 470 590 527 ad
623 467 799 545 Pompeium.
839 465 918 529 Quae
948 477 992 525 est
1021 488 1091 545 ergo
1120 471 1187 529 lraec

153 594 162 605 ,
196 548 272 625 upud
298 548 444 606 Caesarem
464 548 590 624 querela,
612 545 680 604 cum
703 565 771 603 eum
793 545 948 617 accusatis,
969 565 987 604 a
1007 566 1064 621 quo
1083 567 1186 624 quere·

195 627 267 685 mini
280 630 329 684 v'os
341 622 497 702 prohibitos
516 636 617 684 contra
636 624 783 682 Caesarem
801 626 908 682 bellum
922 627 1044 701 gererel
1085 622 1190 703 Atque

196 705 227 764 in
246 706 302 762 hoc
315 705 441 780 quidem,
455 704 500 761 vel
521 723 588 762 cum
608 703 761 761 mendacio
781 703 806 760 si
826 703 911 760 vultis
931 696 1058 780 gloriari,¹
1069 718 1121 780 per
1130 708 1183 765 ‘'‘me

163 784 274 853 blicet,
298 802 347 842 vos
366 782 543 859 provinciam
565 782 653 839 fuisse
679 781 789 839 Caesari
818 781 982 853 tradituros,
1004 782 1141 845 etiamsi
1166 780 1190 841 ri·

196 863 275 920 Varo
295 872 324 919 et
343 862 515 938 quibusdam
536 861 599 918 aliis
618 859 753 936 prohibiti
773 860 891 918 essetis:
912 880 967 937 ego
985 871 1081 918 autem
1095 863 1182 920 confi·

196 942 276 999 tebor
297 940 411 1017 culpam
431 959 494 999 esse
520 938 641 1016 Ligarii,
661 938 711 1014 qui
731 958 779 1002 vos
802 949 889 1015 tantae
915 939 1009 997 laudis
1028 941 1181 999 occasione

195 1019 355 1096 privaverit.
798 1084 801 1099 ⁴
823 1033 827 1045 ²

235 1097 290 1155 IX.
323 1098 382 1155 Sed
402 1097 477 1168 vide,
497 1114 603 1172 quaeso,
617 1096 652 1153 C.
668 1096 776 1166 Caesar,
795 1094 988 1154 constentiam
1007 1086 1195 1173 oinetissimi,
1334 1150 1335 1165 ,

148 1176 259 1246 leviri,
280 1176 314 1233 L.
336 1176 518 1234 Tuberonis:
545 1193 631 1249 qiam
651 1172 866 1253 ego,Quamvis
885 1175 947 1251 'ipse
961 1164 1182 1257 'probaremfffi
1206 1174 1290 1231 W<
1334 1172 1335 1177 '

195 1255 293 1331 probo,
305 1265 403 1312 temen
423 1273 481 1311 non
501 1271 764 1323 commemorarem,
778 1252 835 1311 nisi
852 1272 873 1310 a
892 1264 921 1312 te
941 1254 1135 1329 cognovissem
1149 1254 1180 1311 iri

195 1333 295 1410 primis
308 1352 372 1390 eum
386 1332 519 1390 virtutem
532 1332 623 1390 solere
635 1331 756 1389 laudari.
795 1332 874 1393 Quas
888 1332 942 1389 fuit
955 1332 1041 1408 igitur
1055 1351 1179 1408 unquam

196 1412 228 1470 in
248 1412 306 1473 ullo
326 1410 441 1469 homine
460 1419 541 1468 tanta
561 1411 744 1468 constantial
785 1409 985 1468 Constantiam
1005 1411 1090 1468 dicol
1117 1430 1180 1468 nes-

197 1490 253 1561 cio,
268 1510 305 1551 an
319 1488 423 1548 melitis
435 1488 603 1565 patientiam
616 1489 722 1564 possim
736 1489 842 1547 dicere.
882 1489 999 1550 Quotus
1012 1489 1089 1546 enim
1104 1489 1179 1546 istud

149 1567 183 1621 15
196 1569 316 1645 quisque
337 1568 462 1639 fecisset,
477 1579 551 1638 ut,a
570 1567 675 1642 quibus
695 1567 725 1624 in
746 1568 923 1625 dissensione
943 1568 1022 1626 civili
1035 1587 1091 1625 non
1105 1577 1180 1624 esset
1239 1602 1243 1606 -

197 1659 329 1724 receptus
355 1657 485 1721 essetque
513 1646 601 1704 etiem
629 1664 697 1703 cum
724 1646 895 1716 crudelitate
920 1644 1054 1722 rejectus,
1076 1645 1111 1702 ed
1131 1666 1202 1702 eos,
1334 1711 1335 1722 χ

197 1726 272 1801 ipsos
285 1726 411 1784 rediretl
442 1724 544 1801 Magni
565 1724 715 1800 cujusdam
735 1724 834 1797 animi,
850 1735 935 1800 atque
954 1724 1016 1800 ejus
1028 1724 1081 1781 viri
1095 1735 1179 1794 esset,
1268 1768 1273 1777 .

196 1822 282 1879 quem
302 1805 338 1862 de
358 1802 491 1880 suscepti
512 1803 610 1873 causi,
630 1804 829 1879 propositique
849 1804 1001 1874 sententia,
1015 1803 1095 1861 nulla
1114 1823 1180 1860 con-
1206 1832 1209 1838 ·

196 1883 326 1953 tumelia,
340 1882 420 1941 nulla
433 1882 485 1953 vis,
499 1881 611 1943 nullum
623 1881 794 1958 periculum,
807 1892 902 1958 posset
915 1883 1064 1959 depellere.
1084 1906 1086 1931 2
1125 1951 1127 1953 ‚

146 1960 188 2037 20,
201 2004 206 2013 -
236 1961 276 2020 Ut
286 1961 364 2020 enirn
375 1971 480 2021 caetcra
491 1952 573 2037 piria
584 1960 737 2018 Tuberoni
750 1980 818 2018 cum
831 1962 911 2019 Varo
924 1962 1044 2019 fuissent
1051 1980 1059 2030 ;
1081 1961 1179 2031 honos,
1251 2016 1257 2024 ,

197 2041 340 2114 nobilitas,
398 2041 487 2099 endor
511 2038 542 2097 in
580 2039 670 2110 nium,
689 2058 752 2116 quae
771 2040 952 2115 nequiquam
972 2039 1102 2107 luerunt5
1125 2041 1180 2097 hoc

198 2118 315 2197 certep
412 2112 478 2177 ‘um‘
489 2059 658 2179 ‘filionis
679 2117 742 2188 fuit,
756 2118 831 2194 quod
844 2119 920 2194 justo
932 2135 999 2175 cum
1012 2116 1131 2193 imperio
1143 2136 1179 2174 ex
1254 2134 1272 2153 ··

197 2198 456 2258 senatuis-consulto
475 2197 505 2256 iu
524 2197 702 2274 provinciam
722 2216 804 2254 suam
825 2206 949 2255 venerat.
971 2195 1070 2253 .Hinc
1087 2197 1181 2273 prohi-

155 2326 157 2329 .
191 2276 283 2347 bitus,
304 2297 361 2335 non
389 2278 425 2335 ad
452 2277 609 2348 Caesurem,
630 2296 667 2334 ne
691 2276 868 2347 iratuspnon
889 2276 1073 2345 domum,‚ne
1094 2275 1194 2344 iners,

147 2351 183 2404 25
196 2373 254 2412 uon
281 2355 406 2429 aliquem
426 2356 456 2414 in
476 2354 634 2432 regionem,
654 2374 693 2413 ne
722 2354 913 2429 condemnare
943 2366 1061 2411 causam
1092 2353 1179 2423 illam,

196 2450 282 2506 quam
296 2443 412 2489 secutus
425 2443 511 2504 esset,
524 2434 690 2507 videretur,
707 2433 737 2492 iu
752 2433 964 2502 Macedoniam,
979 2431 1016 2489 ad
1030 2432 1085 2490 Gn.
1099 2431 1181 2489 Pom·

196 2509 254 2583 peii
268 2520 363 2566 castra
375 2511 462 2580 venit,
477 2510 507 2569 in
528 2528 593 2568 eam
613 2511 704 2587 ipsam
725 2531 853 2584 causam,
868 2531 886 2569 e
904 2510 962 2586 qud
982 2521 1044 2568 erat
1057 2511 1180 2585 rejectus

198 2604 264 2644 cum
275 2585 389 2662 injurii.
422 2588 526 2651 Quidl
547 2587 615 2647 cum
626 2590 682 2648 ists
692 2611 738 2648 res
751 2591 823 2649 nihil
838 2590 1036 2649 commovisset
1049 2589 1110 2664 ejus
1122 2587 1180 2644 ani-

196 2684 286 2736 mum,
298 2666 334 2722 ad
344 2686 429 2743 quem
439 2667 597 2738 veneratis;
618 2669 798 2746 languidiore
810 2669 924 2748 (credo)
940 2669 1035 2725 studio
1048 2668 1078 2724 in
1092 2666 1179 2725 causi
1207 2665 1209 2668 ’

147 2748 183 2803 30
198 2744 307 2813 fuistis:
328 2748 523 2805 tautummodo
543 2746 574 2804 iu
593 2748 733 2823 praesidiis
752 2748 856 2818 erutis3
878 2747 967 2805 animi
980 2745 1047 2805 verb
1062 2764 1079 2801 a
1092 2743 1177 2802 causti

198 2824 406 2902 abhorrebaut3
426 2844 473 2896 an,
488 2836 520 2883 ut
533 2826 565 2883 fit
579 2826 609 2884 in
624 2827 757 2884 civilibus
777 2827 869 2897 bellis,
884 2847 941 2885 uec
955 2827 984 2884 iu
998 2825 1076 2883 vobis
1089 2824 1181 2899 magis

197 2898 477 2980 quam‘iir'reliquiq
491 2924 591 2978 omnes
605 2906 741 2965 vincendi
760 2906 855 2964 studio
874 2905 1073 2972 tenebamurl',
1096 2902 1181 2971 Pacis

198 2983 331 3056 equidem
344 3002 455 3059 semper
470 2995 574 3055 auctor,
583 2984 642 3041 fui:
663 2978 714 3042 sed
728 2996 789 3041 tum
803 2983 877 3042 serd.
912 2985 983 3041 Erat
996 2982 1182 3071 eni1p'atrien·

198 3061 244 3131 tis,
263 3080 330 3118 cum
354 3061 446 3120 aciem
469 3063 591 3134 videres,
614 3082 716 3139 pacem
737 3063 873 3139 negitare.
913 3062 1035 3134 Omnes,
1056 3077 1180 3134 inquam,

147 3144 183 3198 35
198 3140 313 3198 vincere
333 3141 514 3199 volebamus:
541 3151 573 3198 tu
594 3140 672 3199 cert'd
697 3141 853 3218 praecipud,
873 3141 922 3216 qui
943 3143 973 3198 in
994 3160 1061 3198 eum
1087 3138 1180 3196 locum

144 3283 149 3291 ,
176 3219 333 3295 „venisses
347 3219 397 3276 ubi
417 3219 471 3277 tibi
490 3229 565 3281 esset
582 3222 771 3295 pereundum,
786 3221 840 3279 nisi
855 3219 989 3277 vicisses:
1010 3233 1181 3293 quanquam,

118 3300 141 3315 ⁴·
199 3306 230 3352 ut
243 3316 321 3355 nunc
335 3317 365 3354 se
380 3317 425 3354 res
437 3286 536 3369 liabet,
550 3318 607 3357 non
622 3299 732 3370 dubito,
746 3299 816 3374 quin
836 3300 912 3356 hanc
932 3298 1053 3354 sulutem
1071 3305 1184 3368 antepo-

197 3392 250 3429 nas
264 3373 305 3430 illi
319 3375 453 3433 victoria.

237 3450 276 3506 X.
308 3451 382 3508 Haec
402 3472 457 3528 ego
476 3474 533 3511 non
554 3456 691 3524 dicerem,
706 3454 835 3523 Tubero,
849 3451 873 3509 si
882 3460 937 3534 ,aut
949 3468 998 3504 vos
1016 3447 1184 3503 constantim

148 3533 184 3587 40
198 3537 307 3598 vestrae,
322 3540 372 3585 aut
392 3529 537 3589 Caesarem
555 3532 690 3591 beneficii
704 3531 758 3600 sui,
772 3531 931 3606 poeniteret.
973 3524 1062 3580 Nunc
1076 3526 1182 3596 quaero,

199 3604 295 3662 utrum
322 3618 430 3665 vestras
459 3610 588 3687 injurias,
620 3630 656 3667 en
685 3608 860 3684 reipublice,
887 3600 1107 3680 persequamini.
1149 3603 1182 3659 Si

197 3684 455 3762 reipublice-quid
475 3687 511 3746 de
531 3690 625 3746 vesus
643 3687 728 3751 inea
741 3686 830 3744 causi
843 3680 1055 3760 perseverantii
1068 3696 1184 3756 respon-

198 3762 323 3821 debitisl
350 3764 376 3822 si
395 3776 512 3837 vestras,
532 3768 637 3836 videte,
657 3784 695 3822 ne
715 3764 825 3843 erretis,
846 3763 894 3839 qui
915 3760 1062 3819 Caesarem
1082 3759 1184 3827 uestris

199 3841 324 3906 inimicis
337 3843 441 3905 iratum
455 3845 516 3927 sore
526 3845 642 3921 putetis,
656 3840 725 3899 clun
739 3842 879 3931 ignoverit
891 3840 958 3901 suis.
966 3853 982 3905 ’ξ
993 3856 1012 3936 j
