2692 4484
165 353 220 411 124
418 346 556 398 ORATIO
578 346 648 397 PRO
668 347 702 396 Τ.
723 344 839 396 ANNIO
860 344 1011 396 uncus.

211 505 289 552 tum:
309 492 437 551 omnium
450 490 584 549 ordinum
597 508 739 548 consensu
752 507 804 566 pro
826 488 918 546 salute
931 488 1098 566 reipublice
1120 499 1214 568 gesta

211 572 384 631 resciderat:
404 589 452 629 me
459 569 551 647 patrii
559 568 726 646 expulerat3
746 568 1005 645 bonadIripuerat3
1026 569 1147 627 domum
1162 570 1213 630 in-

210 651 364 720 cenderat;
384 648 499 720 liberos,
514 648 668 725 conjugem
681 664 787 718 meam,
800 655 970 705 vexaverat:
991 648 1046 705 Cn.
1061 648 1211 724 Pompeio

210 729 351 795 nefarium
365 727 472 785 bellum
487 727 648 785 indixerat:
668 725 889 803 magistratuum
901 726 1133 803 privatorumque
1148 745 1211 785 caa-

177 809 261 873 5des
281 807 408 865 fecerat:
429 806 546 864 domum
569 805 626 863 mei
651 804 747 862 fratris
767 803 954 863 incenderat:
974 806 1100 863 vastarat
1114 805 1209 863 Etru·

210 888 301 945 riam:
322 884 427 943 multos
448 885 566 943 sedibus
590 903 626 942 ac
642 883 764 941 fortunis
784 882 918 958 ejecerat.
961 882 1101 955 Instabat,
1117 904 1209 962 urge·

209 966 277 1023 bat:
298 983 401 1040 capere
415 963 477 1041 ejus
497 962 652 1021 amentiam
673 962 785 1033 civitas,
803 960 899 1032 Italia,
913 963 1077 1038 provinciae,
1098 982 1206 1040 regna,

209 1064 266 1102 non
285 1052 424 1120 poterant
466 1040 675 1100 Incidebantur
692 1039 753 1117 jam
773 1039 851 1099 domi
870 1040 960 1118 leges,
980 1060 1044 1116 quae
1063 1061 1117 1100 nos
1138 1062 1206 1100 nos·

209 1123 261 1181 tris
280 1121 371 1180 servis
391 1120 577 1179 addicerent:
608 1119 680 1178 nihil
701 1128 763 1177 erat
783 1118 964 1195 cujusquam,
985 1121 1060 1195 quod
1080 1122 1204 1196 quidem

162 1195 196 1248 1⁰
210 1201 258 1259 ille
279 1200 451 1272 adamasset,
465 1199 541 1276 quod
560 1218 618 1258 nou
632 1199 688 1257 hoc
709 1216 784 1256 anno
803 1215 888 1255 suum
903 1197 963 1256 lore
975 1209 1096 1276 putaret.
1139 1199 1205 1257 Ob-

209 1280 303 1337 stabat
322 1278 384 1356 ejus
414 1277 636 1356 cogitationibus
663 1294 758 1347 nemo,
778 1286 881 1353 praeter
909 1275 1056 1336 Milonem.
1098 1278 1204 1355 Ipsum

209 1358 300 1430 illum,
314 1357 363 1434 qui
382 1367 492 1435 poterat
511 1357 634 1427 obstare,
649 1375 723 1414 novo
735 1354 830 1413 rs‘ditu
850 1355 881 1413 in
904 1356 1028 1432 gratiam
1047 1359 1131 1432 quasi
1151 1359 1204 1416 de·

208 1438 337 1495 vinctum
352 1436 562 1494 arbitrabatur:
582 1434 707 1493 Caesaris
719 1434 877 1512 potentiam
891 1453 974 1492 suam
987 1454 1051 1494 esse
1063 1437 1201 1495 dicebat:

209 1517 348 1575 bonorum
362 1516 472 1574 animos
485 1514 573 1573 etiarn
586 1514 617 1572 in
630 1519 696 1572 meo
709 1532 780 1572 casu
790 1523 1019 1590 contempserat:
1040 1515 1113 1588 Milo
1122 1535 1202 1575 unus

161 1601 195 1655 15
209 1615 243 1653 ur
280 1594 338 1654 bat
1063 1591 1067 1597 ’

280 1672 400 1733 XXIII.
442 1671 503 1731 Hic
523 1671 574 1730 Dii
594 1672 769 1731 immortales
796 1669 843 1750 (ut
862 1670 950 1750 suprd
975 1671 1049 1752 dixi)
1071 1684 1201 1732 mentem

208 1752 350 1810 dederunt
369 1752 412 1810 illi
437 1750 549 1828 perdito
569 1770 605 1810 ac
627 1751 745 1823 firrioso,
771 1761 804 1808 ut
833 1750 903 1810 huic
930 1751 1040 1809 faceret
1068 1751 1199 1809 insidias.

209 1830 303 1888 Aliter
322 1830 416 1907 perire
434 1831 524 1907 pestis
537 1830 587 1888 illa
609 1849 667 1888 uon
690 1830 798 1907 potuit:
819 1848 968 1904 nunquam
988 1830 1069 1888 illum
1081 1832 1201 1908 respub-

208 1909 266 1968 lica
285 1928 338 1968 suo
354 1908 419 1986 jure
445 1920 521 1968 esset
541 1909 609 1967 ulta
665 1909 791 1967 Senatus
818 1906 932 1987 (credo)
961 1919 1109 1984 pretorem
1129 1928 1199 1968 eum

157 1990 194 2046 2⁰
209 1987 488 2065 circumscripsisset.
543 1987 601 2058 Ne,
622 1984 692 2045 cdm
722 1987 831 2046 solebat
851 1987 968 2063 quidem
989 1987 1020 2044 id
1039 1988 1144 2060 facere,
1166 1990 1197 2047 in

207 2067 317 2145 privato
330 2068 431 2126 eodem
445 2068 510 2139 boc,
526 2065 633 2142 aliquid
652 2066 821 2143 profecerat
864 2068 913 2124 An
926 2065 1058 2125 consules
1077 2067 1108 2125 in
1125 2087 1197 2144 pra-

208 2157 269 2205 tore
294 2146 457 2205 coercendo
486 2147 572 2205 fortes
600 2144 743 2204 titissentl
783 2143 862 2203 Prim
952 2144 1061 2204 Milone
1087 2146 1195 2218 occiso,

208 2224 356 2284 habuisset
369 2245 435 2284 suos
448 2225 589 2284 consules.
630 2224 755 2296 Deinde,
770 2224 835 2300 quis
858 2224 888 2281 in
957 2234 1075 2300 pretore
1096 2227 1196 2284 consul

208 2303 288 2362 fortis
301 2315 386 2376 esset,
399 2324 450 2381 per
463 2323 549 2380 quem
563 2303 721 2375 tribunum,
743 2303 835 2361 virum
857 2303 1037 2361 consularem
1061 2305 1197 2374 crudelis·

156 2383 192 2437 ‘25
208 2382 280 2441 sime
295 2394 428 2442 vexatum
451 2403 514 2442 esse
537 2383 735 2441 meminissetl
775 2381 972 2459 Oppressisset
990 2383 1096 2454 omnia,
1109 2384 1198 2460 possi·

207 2463 297 2531 daret,
312 2470 432 2531 teneret,
446 2461 512 2537 lege
525 2461 608 2532 novt,
623 2480 687 2536 quar
700 2470 745 2519 est
754 2460 871 2520 inventa
884 2461 959 2537 apud
973 2480 1040 2520 eum
1050 2480 1117 2519 cum
1131 2463 1197 2524 reli-

206 2539 271 2613 quis
284 2539 397 2615 legibus
410 2538 576 2597 Clodianis:
597 2559 694 2598 servos
716 2549 827 2598 nostros
848 2540 964 2598 libertos
984 2559 1051 2599 suos
1070 2541 1193 2599 fecisset.

207 2614 367 2690 Postremd,
380 2617 437 2676 nisi
461 2636 527 2675 eum
552 2618 603 2676 Dii
627 2619 803 2677 immortales
823 2619 938 2677 ineam
958 2630 1084 2677 mentem
1104 2619 1195 2696 impu·

206 2695 316 2766 lissent,
337 2705 369 2752 ut
396 2697 482 2754 homo
510 2697 704 2755 effeminatus
724 2697 910 2756 fortissimum
930 2698 1023 2755 virum
1043 2709 1194 2757 conaretur

156 2784 192 2838 3ο
206 2773 350 2845 occidere,
365 2775 451 2833 hodie
464 2776 674 2851 rempublicam
687 2776 797 2834 nullam
812 2776 964 2834 haberetis.

247 2854 296 2910 An
310 2852 359 2912 ille
371 2863 483 2930 praetor,
497 2854 546 2912 ille
560 2853 627 2912 verb
649 2855 760 2927 consul,
775 2856 800 2913 si
813 2852 898 2913 modd
913 2857 977 2913 haec
989 2855 1095 2931 templa
1108 2864 1194 2930 atque

206 2932 268 3009 ipsa
282 2933 388 2991 moenia
402 2943 477 2991 stare
492 2952 527 2991 eo
539 2933 603 2991 vivo
622 2935 744 3005 tamdiu,
759 2944 788 2992 et
809 2934 990 2992 consulatum
1003 2934 1065 3009 ejus
1078 2953 1195 3010 exspec-

206 3023 268 3070 tare
293 3012 461 3089 potuissent,
483 3012 531 3070 ille
558 3012 683 3088 denique
703 3013 793 3083 vivus,
814 3012 883 3070 mali
903 3012 976 3071 nihil
1000 3013 1124 3085 lecisset,
1144 3014 1194 3088 qui

205 3102 343 3164 mortuus,
357 3112 416 3150 uno
434 3112 471 3151 ex
490 3092 551 3149 suis
570 3092 742 3150 satellitibus
762 3092 829 3149 Sex.
853 3090 958 3150 Clodio
977 3092 1062 3163 duce,
1083 3093 1194 3150 curiam

155 3177 190 3230 35
206 3172 387 3231 incenderit?
426 3171 497 3234 Quo
517 3170 586 3246 quid
610 3171 751 3242 miserius,
766 3170 836 3246 quid
858 3172 1000 3242 acerbius,
1014 3171 1083 3247 quid
1102 3171 1194 3230 luctu·

204 3252 291 3323 osius,
306 3251 451 3308 vidimusl
492 3249 646 3327 Templum
668 3250 838 3321 sanctitatis,
853 3248 1059 3326 amplitudinis,
1079 3248 1192 3320 mentis,

205 3329 317 3386 consilii
330 3330 449 3406 publici,
459 3339 545 3405 caput
557 3327 674 3409 [urbis,]
686 3348 765 3387 aram
779 3328 930 3398 sociorum,
939 3339 1052 3405 portum
1065 3328 1191 3385 omnium

204 3407 344 3480 gentium,
359 3408 457 3464 sedem
472 3408 508 3463 ab
522 3409 654 3465 universo
676 3408 780 3485 populo
802 3406 937 3465 Romano
953 3425 1121 3466 concessam
1142 3406 1191 3463 uni

204 3483 308 3553 ordini,
323 3483 506 3555 inflammari,
521 3486 660 3555 exscindi,
676 3486 833 3543 funestaril
854 3501 949 3560 neque
970 3488 1000 3544 id
1013 3486 1077 3544 fieri
1092 3504 1108 3542 a
1121 3484 1192 3541 mul·

154 3561 190 3614 40
204 3561 328 3617 titudine
348 3560 480 3635 Imperiti
502 3560 679 3638 (quanquam
698 3574 774 3620 esset
793 3564 931 3621 miserum
951 3566 981 3623 id
1002 3563 1120 3644 ipsum),
1141 3563 1192 3620 sed

205 3640 242 3697 ab
255 3657 313 3696 uno
322 3657 331 3708 ;
352 3638 412 3712 qui,
430 3635 499 3695 caim
518 3648 629 3696 tantum
651 3659 737 3698 ausus
757 3642 794 3699 sit
814 3653 892 3700 ustor
910 3662 963 3719 pro
981 3653 1102 3713 mortuo,
1123 3641 1191 3716 quid

205 3718 323 3795 signifer
342 3736 394 3793 pro
416 3715 480 3773 rivo
502 3735 559 3773 non
581 3728 656 3776 esset
677 3723 788 3777 aususl
829 3721 864 3779 In
880 3723 992 3780 curiam
1012 3718 1190 3798 potissimum

206 3797 320 3874 abjecit,
335 3806 367 3854 ut
380 3814 445 3854 eam
458 3804 587 3854 mortuus
601 3797 778 3871 incenderet,
793 3819 879 3875 quam
899 3801 981 3859 virus
1001 3809 1150 3859 everterat.
