2692 4484
390 338 527 391 ORATIO
547 338 587 389 ΙΝ
609 338 648 389 Μ.
670 336 876 404 surculum.
1125 340 1182 399 135

141 488 213 547 sisse
238 506 276 545 ne
301 496 333 543 tu
359 484 475 561 quidem
501 483 585 552 dicis.
626 484 669 540 At
696 480 801 540 Miloni
826 500 864 540 nc
890 479 988 538 favere
1014 478 1131 555 quidem

141 568 239 645 potui:
259 563 337 643 priris
351 564 429 623 eninr
443 583 503 622 rem
517 562 668 639 transegit,
682 558 770 636 quim
789 560 941 637 quisquam
961 577 1029 617 eum
1043 558 1133 635 suspi-

143 656 255 705 caretur
282 645 426 703 facturum
451 662 524 701 esse.
565 641 608 700 At
628 660 683 718 ego
703 640 790 698 suasi.
831 639 953 698 Scilicet
971 638 997 696 is
1018 638 1133 696 animus

142 735 203 783 erat
215 724 344 796 Milonis,
358 732 391 780 ut
409 722 544 799 prodesse
564 719 730 797 reipublicae
751 720 814 778 sine
827 736 942 777 suasore
955 737 1014 776 non
1026 726 1131 795 posset

142 806 184 862 At
201 804 314 862 lutatus
334 821 407 860 sum.
447 801 532 863 Quid
545 800 636 877 ergol
657 799 689 856 in
708 798 790 856 tanta
809 798 909 856 taetiut
929 806 1042 856 cunctae
1063 796 1133 855 civi·
1167 808 1186 861 5
1226 855 1229 860 ,

141 884 218 955 tatis,
232 902 279 943 mc
293 900 384 940 unum
397 881 509 939 tristem
522 899 586 938 esse
599 877 768 954 oportebatl

180 962 360 1038 Quanquam
380 961 417 1019 de
437 963 528 1017 morte
547 958 580 1016 P.
596 956 692 1015 Clodii
713 956 766 1013 luit
783 956 903 1033 quaestio
914 976 972 1014 uon
985 956 1055 1013 satis
1067 976 1133 1033 prn-

143 1041 244 1100 denter
265 1042 316 1099 illa
335 1039 460 1116 quidem⁴
479 1037 644 1096 constituta.
681 1034 767 1096 vQuid
794 1034 873 1093 enim
900 1035 1040 1093 attinebat
1058 1035 1133 1093 novt

142 1119 209 1197 lege
222 1119 312 1196 quaeri
333 1119 369 1175 de
390 1136 425 1175 eo
444 1117 494 1190 qui
513 1115 658 1174 hominem
671 1114 836 1185 occidisset,
850 1112 919 1172 cum
932 1123 1008 1172 esset
1020 1113 1133 1190 legibus

145 1199 266 1272 quaestio
279 1191 454 1255 constitutal
485 1193 635 1270 quesitum
656 1201 825 1254 esttamen.
865 1192 955 1254 Quod
972 1212 1051 1269 ergo,
1065 1191 1134 1251 crim
1153 1201 1187 1254 10

146 1296 194 1334 res
215 1276 363 1353 agebatur,
386 1292 472 1332 nemo
492 1273 523 1331 in
544 1292 591 1330 me
615 1272 703 1343 dixit3
724 1271 764 1343 id,
787 1281 829 1343 tot
851 1272 934 1329 annis
953 1269 1028 1349 prist,
1050 1282 1081 1330 tu
1102 1292 1134 1331 es

148 1354 282 1413 inventus
295 1354 343 1430 qui
358 1353 491 1412 diceresl

187 1431 280 1496 Quod
303 1452 370 1491 vero
392 1433 489 1490 dicere
511 1449 597 1488 ausus
621 1449 663 1502 es,
686 1430 773 1506 idque
799 1430 897 1488 multis
923 1430 1027 1502 verbis,
1047 1431 1134 1508 opert

147 1512 213 1569 med
227 1512 394 1589 Pompeium
409 1530 426 1569 a
439 1510 564 1568 Caesaris
584 1509 713 1568 amicitia
732 1529 796 1568 esse
810 1508 995 1586 disjunctum,
1008 1509 1045 1567 ob
1059 1528 1135 1568 eam·

146 1610 202 1666 que
216 1610 334 1649 causam
347 1590 413 1648 med
427 1589 512 1667 culpa
533 1588 618 1647 civile
638 1589 747 1647 bellum
768 1608 832 1647 esse
845 1598 965 1658 natum;
987 1588 1017 1646 in
1030 1607 1065 1646 eo
1078 1609 1136 1647 non
1156 1587 1189 1640 15

147 1680 179 1727 tu
193 1670 314 1805 puidem
339 1669 400 1728 tota
426 1688 468 1741 re,
488 1669 540 1728 sed
562 1668 652 1746 (quod
679 1667 838 1726 maximum
864 1667 921 1747 est)
943 1667 1136 1743 temporibus,

147 1768 193 1807 err
212 1759 257 1807 str.

186 1828 225 1886 X.
259 1828 324 1906 Ego
345 1826 388 1885 M.
410 1826 525 1899 Bibulo,
551 1825 786 1903 praestantissimo
813 1826 887 1898 cive,
915 1825 1043 1898 consule,
1064 1825 1136 1884 nihil

147 1907 326 1984 praetermisi,
354 1904 507 1984 (quantum
541 1907 638 1964 lacere
671 1906 799 1982 enitique
831 1904 925 2041 potuil)
953 1906 1023 1982 quin
1055 1906 1139 1963 Pom-

148 1986 244 2063 peium
272 2005 289 2044 a
316 1985 441 2043 Caesaris
468 1984 671 2061 conjunctione
702 2003 862 2044 avocarent.
920 2005 942 2042 n
960 2003 1017 2061 quo
1040 1987 1138 2042 cnsn
1157 1991 1193 2045 20

150 2065 204 2122 fuit
225 2065 353 2123 felicior:
374 2064 435 2141 ipse
455 2063 534 2121 enim
554 2063 723 2140 Pompeium
745 2082 762 2120 a
781 2063 848 2121 meh
868 2059 1065 2122 familiafltate
1084 2062 1140 2120 dis·

148 2143 250 2219 junxit.
291 2143 396 2201 Postea
409 2141 477 2200 verb
492 2139 578 2217 qudm
592 2161 623 2199 se
640 2151 732 2200 totum
751 2142 905 2219 Pompeius
924 2142 1035 2200 Caesari
1055 2142 1141 2200 tradi·

152 2222 204 2289 dit,
225 2222 295 2297 quid
316 2240 372 2298 ego
391 2220 473 2278 illum
494 2221 531 2278 ab
551 2239 586 2279 eo
612 2220 771 2280 distrahere
798 2221 940 2281 conarerl
971 2220 1059 2280 Stulti
1078 2230 1142 2279 erat

152 2319 283 2377 sperare3
304 2300 437 2371 suadere,
451 2299 633 2376 impudentis.

192 2375 261 2438 Duo
289 2389 386 2437 tamen
419 2387 547 2455 tempora
573 2378 747 2451 inciderunt,
775 2380 879 2456 quibus
906 2379 1015 2456 aliquid
1041 2389 1142 2439 contra
1158 2386 1195 2441 25

153 2458 300 2517 Cesarem
332 2457 468 2534 Pompeio
500 2457 648 2515 suaserim.
690 2458 736 2516 Ea
768 2458 852 2517 velim
879 2458 1082 2536 reprehendas,
1116 2458 1141 2517 si

151 2547 249 2614 potes:
270 2555 370 2609 unum,
390 2556 428 2595 ne
447 2537 636 2612 quinquennii
657 2537 810 2615 imperium
830 2537 939 2596 Caesari
958 2547 1139 2615 prorogaret3

153 2616 337 2688 alterumue
357 2625 502 2693 pateretur
522 2616 600 2687 ferri,
616 2626 647 2673 ut
668 2617 796 2675 absentis
815 2616 876 2694 ejus
889 2617 962 2678 ratio
976 2617 1139 2675 haberetur.

151 2694 287 2756 Quorum
300 2694 325 2752 si
339 2695 478 2753 utrumvis
490 2695 707 2773 persuasissem,
722 2695 753 2754 in
773 2698 825 2754 has
844 2696 975 2755 miserias
992 2714 1141 2771 nunquam

152 2772 361 2833 incidissemus.
403 2775 501 2851 Atque
528 2775 606 2832 idem
633 2794 698 2852 ego,
721 2772 789 2833 cdm
813 2775 872 2852 jam
898 2794 999 2834 omnes
1021 2794 1089 2852 opes
1112 2784 1142 2834 ct
1159 2780 1196 2834 30

152 2863 268 2911 suaset
292 2854 390 2930 populi
417 2853 546 2912 Romani
572 2854 728 2931 Pompeius
748 2854 785 2912 ad
806 2854 951 2913 Gaesarem
972 2854 1140 2924 detulisset;

152 2930 274 3006 serdque
301 2950 337 2990 ea
362 2933 470 2991 sentire
491 2932 634 3009 coepisset,
648 2952 713 3009 quae
732 2952 788 3010 ego
809 2931 876 2991 aute
896 2930 987 2992 multd
1006 2932 1143 3011 praevide·

152 3029 224 3082 ram,
239 3011 396 3085 insertique
408 3011 507 3088 patriae
522 3011 630 3069 bellurn
648 3011 792 3070 nefarium
805 3011 950 3084 viderem;
970 3013 1061 3089 pacis,
1076 3030 1144 3069 con·

154 3089 270 3161 cerdic,
293 3090 516 3166 compositionis
537 3101 636 3149 auctor
657 3110 721 3149 esse
742 3109 801 3149 non
821 3091 935 3148 destiti:
955 3110 1078 3166 meaque
1094 3089 1145 3148 illa

155 3187 209 3226 vox
222 3176 266 3225 est
279 3177 348 3226 nota
360 3168 476 3226 multis:
506 3174 525 3201 ‘¹
535 3168 664 3241 Utinam,
679 3170 735 3228 Cn.
750 3169 880 3247 Pompei,
895 3188 962 3228 cum
975 3169 1011 3227 C.
1027 3169 1144 3227 Caesare
1161 3177 1197 3232 35

155 3247 323 3305 societatem
343 3256 394 3304 aut
413 3266 560 3323 nunquam
581 3247 699 3320 coisses,
721 3258 770 3306 out
790 3266 938 3324 nunqnam
959 3247 1141 3307 diremissesl

154 3323 209 3384 fuit
230 3325 350 3383 alterum
371 3326 529 3403 gravitatis,
545 3327 666 3385 alterum
679 3327 838 3404 prudentie
851 3327 937 3385 tuae.'’
978 3327 1053 3386 Haec
1066 3346 1141 3399 meu,

153 3402 195 3462 M.
217 3406 338 3477 Antoni,
353 3424 465 3483 semper
485 3406 571 3464 etde
591 3405 728 3483 Pompeio
747 3415 777 3464 et
797 3407 834 3465 de
854 3406 1001 3483 republicd
1021 3406 1143 3465 consilia

153 3483 285 3554 suerunt3
307 3504 370 3560 quae
392 3485 417 3542 si
441 3484 607 3557 valuissent,
621 3486 785 3562 respublica
805 3495 911 3557 staret;
932 3496 973 3560 tu,
987 3487 1045 3545 tuis
1062 3485 1143 3564 flagi·

152 3561 211 3633 tiis,
225 3572 361 3639 egestate,
377 3563 507 3635 infamia,
522 3564 707 3623 concidisses.
1160 3572 1196 3627 to

193 3640 249 3698 xl.
281 3643 338 3699 Sed
363 3642 426 3700 haec
445 3653 561 3702 vetera:
591 3642 670 3716 illud,
684 3641 752 3702 verb
772 3663 885 3717 recens,
907 3645 1055 3704 cesarem
1078 3662 1144 3702 meo

155 3720 275 3778 consilio
305 3720 495 3780 intersectum.
538 3723 605 3781 Jam
631 3742 740 3794 vereor,
768 3723 869 3783 Patres
903 3723 1079 3799 Conscripti,
1105 3740 1144 3779 ne

156 3798 247 3874 (quod
266 3800 460 3876 turpissimum
480 3803 537 3881 est)
558 3803 807 3880 prevaricatorem
827 3802 900 3859 mihi
921 3801 1085 3878 apposuisse
1104 3797 1146 3853 vi·

154 3878 235 3951 dcar,
249 3877 300 3954 qui
316 3896 363 3937 mc
384 3898 442 3939 non
465 3878 558 3941 solirm
579 3881 653 3940 meis
673 3880 809 3941 laudibus
831 3888 959 3949 ornaret,
982 3877 1034 3936 sed
1057 3875 1146 3934 etiam
