2692 4484
157 260 199 319 56
432 252 568 303 omnm
589 250 779 317 rnojnncs
800 250 969 301 maurum.

211 407 295 471 atque
309 395 431 472 imperii,
445 406 507 452 tum
525 395 614 473 ipsius
631 396 755 454 hominis
768 395 867 467 causi,
883 394 985 473 (sicuti
998 396 1107 477 facitis)
1123 399 1203 458 velle

174 490 186 545 )
209 487 239 534 et
251 489 349 552 optare
362 475 481 533 debetis.

247 555 361 624 Quare,
375 553 444 612 crim
464 564 493 612 et
513 553 619 611 bellum
634 553 676 610 ita
688 552 883 612 necessarium
897 553 944 624 sit,
958 564 991 610 ut
1010 555 1117 632 negligi
1137 577 1199 615 uon

209 634 312 710 possit3
341 633 381 690 ita
400 651 548 711 magnum,
570 642 602 690 ut
622 631 838 697 accuratissime*
860 632 898 689 sit
919 633 1197 705 administrandum

174 711 239 770 5et
258 710 326 769 crim
346 712 373 768 ei
395 712 593 788 imperatorem
612 711 758 788 preficere
777 710 899 787 possitis,
915 710 1016 788 inquo
1035 712 1072 769 sit
1089 714 1199 805 eximip'
1206 720 1292 809 DJ&

105 806 109 812 ·
211 791 277 848 belli
290 790 421 861 scientia,
436 790 590 868 singularis
609 790 708 861 virtus,
722 790 882 848 clarissima
898 791 1063 862 auctoritas,
1077 784 1199 869 egregia

210 871 338 937 fortuna3
363 870 539 940 dubitabitis,
559 868 702 940 Quirites,
723 869 792 943 quin
813 870 868 926 hoc
888 878 1000 926 tantum
1022 871 1097 941 boni,
1118 872 1197 945 quod

209 948 289 1006 vobis
302 967 319 1005 a
332 948 397 1006 Diis
411 948 618 1006 immortalibus
637 948 765 1005 oblatum
784 958 814 1005 et
833 949 932 1005 datum
953 959 1006 1020 est,
1021 949 1050 1006 in
1064 951 1198 1026 rempub-

209 1027 296 1085 licam
311 1029 506 1107 conservanda
549 1037 635 1101 atque
649 1027 880 1102 amplificandam
894 1028 1067 1085 conferatisl
1164 1061 1169 1069 ·
1272 1060 1277 1069 ·

160 1107 193 1159 10
221 1172 227 1179 ἱ
249 1106 350 1163 XVII.
363 1047 630 1168 ‘Quod‘siiiiomae
651 1106 706 1163 Cn.
728 1105 880 1182 Pompeius
898 1107 1024 1183 privatus
1044 1116 1119 1164 esset
1138 1108 1197 1166 hoc

209 1195 351 1260 tempore;
373 1180 469 1243 t'ameir
484 1184 645 1242 adtentum
667 1184 773 1241 bellum
793 1185 818 1241 is
838 1198 900 1242 erat
920 1185 1196 1262 deligendumque

210 1264 374 1321 mittendus.
415 1261 604 1334 Nunc,ci1m
626 1263 661 1320 ad
683 1273 802 1320 caeteras
828 1283 955 1320 summas
974 1265 1116 1325 utilitates
1131 1265 1193 1322 haec

211 1362 323 1418 quoque
342 1343 536 1419 opportunitas
556 1341 738 1419 adjungatur,
747 1351 784 1478 pp
804 1362 834 1429 gn
849 1342 885 1399 iis
899 1342 971 1419 ipsis,
980 1343 1050 1401 locis
1064 1343 1148 1414 adsit,
1163 1355 1194 1401 ut
1243 1340 1251 1355 '

209 1422 314 1479 habeat
328 1422 496 1493 exercitum,
510 1432 542 1479 ut
563 1421 599 1477 ab
619 1421 664 1492 iis,
680 1421 728 1496 qui
768 1440 785 1477 a
822 1418 862 1478 nt'
879 1414 1010 1497 accipite
1024 1423 1117 1478 statim
1132 1442 1195 1498 pos-

162 1501 192 1555 15
209 1500 262 1571 sit3
283 1500 353 1576 quid
366 1501 585 1577 exspectamusl
607 1510 722 1557 auteur
736 1520 804 1571 non,
815 1501 883 1557 duci
905 1520 938 1556 us
952 1501 1016 1557 Diis
1030 1500 1194 1558 immortali·

210 1580 273 1650 bus,
287 1580 392 1650 eidem,
407 1580 455 1636 cui
476 1589 589 1650 caetera,
604 1580 717 1636 summit
731 1599 799 1637 cum
817 1580 909 1637 salute
928 1579 1102 1656 reipublicae,
1117 1598 1194 1636 eom·

209 1657 297 1715 missa
310 1668 386 1729 sunt,
401 1660 456 1716 hoc
470 1678 582 1734 quoque
596 1658 703 1715 bellum
717 1659 829 1735 regium
843 1659 1067 1716 committimus?
1104 1670 1106 1673 '

248 1737 291 1794 At
309 1738 387 1795 enim
407 1738 449 1795 vir
470 1736 655 1808 clarissimus,
673 1737 885 1795 amantissimus
904 1736 1078 1813 reipublicae,
1092 1737 1194 1794 vestris

210 1816 359 1873 beneficiis
379 1815 560 1893 amplissimis
581 1817 709 1891 affectus,
727 1816 768 1878 Q.
783 1817 914 1888 Catulus,
929 1817 1054 1890 itemque
1074 1816 1194 1873 summis

156 1900 192 1954 20
209 1895 384 1953 ornamentis
406 1895 530 1967 honoris,
552 1896 681 1966 fununae,
705 1895 827 1966 virtutis,
851 1895 961 1972 ingenii
985 1895 1129 1973 praeditus,
1150 1894 1191 1956 Q.

210 1973 393 2047 Hortensius,
407 1974 443 2031 ab
457 1975 513 2032 hac
526 1975 636 2035 ratione
650 1973 838 2031 dissentiunt:
860 1992 979 2048 quorum
999 1993 1053 2049 ego
1072 1974 1194 2031 auctori·

209 2063 298 2111 tatem
319 2053 393 2130 apud
413 2073 463 2112 vos
489 2053 586 2111 multis
612 2053 683 2112 locis
709 2052 864 2130 plurimirm
890 2052 1022 2123 valuisse,
1043 2063 1072 2109 et
1097 2054 1193 2110 valere

208 2143 347 2208 oportere,
368 2133 521 2202 conlite013
548 2134 600 2190 sed
626 2132 656 2190 in
684 2133 740 2190 hac
766 2133 865 2203 causi,
886 2130 1000 2189 tametsi
1021 2131 1193 2208 cognoscitis

210 2212 394 2269 auctoritates
414 2213 571 2271 contrarias
591 2210 715 2269 virorum
740 2211 955 2269 fortissimorum
975 2220 1004 2267 ct
1024 2210 1193 2268 clarissimo·

156 2292 192 2345 25
209 2308 283 2360 rum,
298 2300 404 2361 tamen,
418 2291 530 2349 omissis
551 2291 778 2356 auctoritatibus,
794 2290 854 2367 ipsi
875 2309 906 2347 re
925 2300 954 2348 et
974 2288 1083 2347 ratione
1096 2288 1193 2364 exqui-

209 2387 273 2425 rere
292 2387 441 2443 possumus
454 2370 618 2439 veritatem
641 2380 726 2444 atque
740 2370 795 2426 hoc
809 2367 932 2440 facilins,
946 2368 1024 2445 quod
1037 2388 1072 2425 ea
1085 2367 1192 2440 omnia,

211 2465 273 2519 quae
289 2447 383 2503 adhuc
399 2465 475 2503 ame
489 2448 568 2504 dicta
582 2459 657 2517 sunt,
672 2448 761 2505 iidem
782 2449 829 2506 isti
849 2466 916 2506 vera
935 2468 998 2505 esse
1018 2449 1192 2519 concedunt,

210 2534 239 2580 et
265 2523 459 2581 necessarium
487 2525 594 2582 bellum
620 2547 693 2598 esse,
714 2536 744 2583 ct
769 2546 916 2605 magnum,
937 2526 1023 2584 etin
1049 2544 1107 2584 uno
1135 2526 1191 2584 Cn.

189 2666 195 2679 .
210 2602 346 2678 Pompeio
359 2622 471 2661 summa
484 2624 546 2662 esse
559 2606 683 2663 omnia.=x
1107 2606 1109 2609 ’

157 2692 193 2746 30
215 2681 330 2743 “Quid
344 2681 431 2758 igitur
446 2683 485 2740 ait
499 2683 693 2741 Hortensiusl
727 2685 760 2743 Si
774 2685 825 2742 uni
838 2685 935 2744 omnia
948 2686 1100 2743 tribuenda
1115 2693 1191 2754 sunt,

210 2779 298 2817 unum
328 2760 527 2837 dignissimum
548 2783 611 2820 esse
637 2763 822 2839 Pompeium;
857 2765 907 2821 sed
929 2765 965 2822 ad
986 2783 1075 2822 unum
1095 2774 1192 2821 tamen

120 2853 123 2862 ’
209 2838 306 2901 omnia
326 2840 430 2898 deferri
450 2861 507 2900 non
526 2851 663 2919 oportere.
704 2841 853 2901 Obsolevit
875 2843 888 2919 j
961 2844 1016 2901 ista
1041 2843 1140 2912 oratio,
1160 2861 1192 2898 re

209 2916 299 2976 multi)
321 2918 413 2995 magis
433 2917 519 2996 quim
539 2921 633 2979 verbis
653 2921 785 2979 refutata.
811 2928 819 2976 l
826 2922 903 2979 Nam
917 2932 948 2979 tu
963 2922 1050 2993 idem,
1063 2922 1103 2983 Q.
1118 2920 1194 2978 Hor·
1218 2980 1223 2991 ,

209 2997 294 3069 tensi,
315 2998 414 3070 multa,
434 3019 485 3077 pro
504 3000 554 3057 tufa
574 3001 686 3058 summi
715 2978 812 3077 copiti*
827 3020 862 3058 ac
890 3001 1028 3078 singulari
1057 3001 1192 3059 facultate

156 3082 192 3136 35
210 3077 336 3150 dicendi,
357 3089 386 3136 et
413 3078 442 3137 in
469 3089 570 3136 senatu
597 3089 697 3137 contra
720 3080 812 3136 virum
839 3080 940 3138 fortem
967 3081 1004 3137 A.
1025 3078 1192 3148 Gabinium,

209 3158 332 3234 graviter
345 3156 502 3234 ornateque
522 3158 629 3231 dixisti,
643 3157 719 3229 crim·
733 3159 757 3231 is
777 3159 814 3216 de
834 3178 892 3216 uno
912 3158 1080 3235 imperatore
1094 3167 1194 3215 contra

209 3239 356 3312 praedones
376 3238 577 3297 constituendo
595 3239 690 3316 legem
710 3238 935 3314 promulgasset3
957 3250 986 3294 et
1006 3257 1041 3295 ex
1061 3238 1116 3295 hoc
1133 3236 1195 3311 ipse

186 3302 190 3323 ‘
210 3314 274 3373 loco
286 3317 427 3391 permulta
447 3317 516 3376 item
537 3328 637 3376 contra
656 3317 750 3393 legem
766 3336 831 3373 eam
845 3318 932 3375 verba
946 3316 1048 3374 fecisti.
1087 3315 1192 3377 Quint

211 3401 271 3448 turn
294 3392 357 3468 (per
377 3394 455 3452 Deos
475 3395 680 3473 immortalesl)
702 3395 726 3451 si
746 3393 811 3471 plirs
831 3397 906 3472 apud
926 3396 1060 3472 populum
1088 3395 1194 3452 Roma·

67 3500 85 3526 μ
158 3477 194 3531 40
211 3489 280 3526 num
302 3471 456 3529 auctoritas
482 3483 541 3543 tua,
563 3473 649 3546 quiam
670 3473 760 3549 ipsius
778 3474 875 3551 populi
898 3474 1030 3533 Romani
1058 3473 1145 3541 salus,
1165 3481 1192 3528 et

183 3590 185 3593 -
211 3567 278 3605 vera
298 3567 396 3618 causa,
417 3549 561 3621 valuisset,
583 3550 666 3609 hodie
687 3553 764 3609 hanc
784 3554 914 3630 gloriam,
936 3564 1021 3629 atque
1041 3554 1096 3610 hoc
1119 3549 1195 3608 orbis
1251 3546 1253 3552 ’

211 3636 293 3684 terrm
314 3626 473 3703 imperium,
494 3631 677 3689 teneremus?
718 3633 767 3689 An
794 3633 847 3690 tibi
873 3643 934 3690 tum
962 3632 1112 3709 imperium
1133 3647 1195 3687 esse

213 3706 267 3763 hoc
286 3704 444 3778 videbatur,
465 3705 533 3765 crim
552 3709 647 3785 populi
675 3709 801 3769 Romani
825 3712 923 3789 legati,
943 3722 1087 3789 praetores,
1108 3727 1185 3785 qums
