2692 4484
379 299 516 350 ORATIO
539 298 608 347 etto
630 297 728 348 Lucu
749 297 918 348 MANILIA.
1155 306 1195 363 49
1236 356 1238 361 ι

96 474 100 477 ·
159 444 334 525 diligentius,
353 445 508 520 rex-ipses
528 441 662 499 manibus
683 440 793 516 effugit.
834 440 881 498 Ita
905 441 987 499 illum
1011 441 1043 498 iu
1055 461 1148 518 perse-

159 528 264 604 quendi
278 525 372 584 studio
384 542 497 593 moeror,
512 522 563 579 hos
583 520 692 590 laetitia,
707 520 868 577 retardavit.
949 581 952 585 ,

199 606 298 676 Hunc,
321 605 351 662 in
379 603 428 660 illo
448 602 550 658 timore
571 615 600 657 et
622 598 701 674 suga,
724 597 878 675 Tigranes,
900 618 951 657 rex
978 598 1147 670 Armenius,

159 686 280 761 excepit,
303 683 536 755 diffidentemque
557 678 644 755 rbus
665 697 679 733 s
701 677 725 733 is
747 677 933 750 confirmavit,
956 688 985 735 et
1008 678 1147 735 afflictum

159 763 258 834 erexit,
271 744 548 840 perditumquerirdr
586 741 661 813 iitff
704 757 767 831 ujus
781 758 811 815 in
825 777 946 833 reguum
959 767 1146 834 posteaquam
1178 762 1197 814 5

161 841 192 899 L.
207 840 348 899 Lucullus
361 857 429 897 cum
443 837 572 895 exercitu
588 835 677 906 veuit,
698 835 793 910 plures
815 836 902 893 etiam
924 846 1024 912 gentes
1045 846 1147 894 contra

158 921 359 997 imperatorem
370 927 499 975 nostrum
509 914 660 972 concitatae
671 924 746 971 sunt.
787 913 859 971 Erat
867 915 945 972 enim
953 926 1047 972 metus
1057 915 1147 991 injec-

157 1009 205 1057 tus
225 999 261 1056 iis
282 997 456 1066 nationibus,
478 1010 550 1070 quas
571 1011 718 1068 uunquam
738 993 858 1069 populus
879 993 1029 1051 Romanus
1052 1013 1145 1070 neque

158 1077 343 1136 lacessendas
362 1075 438 1132 bello
451 1091 545 1148 neque
564 1074 717 1130 tentandas
736 1072 854 1148 putavit.
896 1072 967 1133 Erat
986 1073 1074 1130 etiam
1089 1075 1145 1131 alia

159 1157 254 1233 gravis
269 1167 353 1231 atque
374 1153 529 1209 vehemens
549 1151 654 1227 opinio,
672 1170 736 1227 quae
756 1171 807 1228 per
823 1151 932 1209 animos
945 1152 1074 1227 gentium
1082 1153 1145 1210 bar·
1160 1164 1194 1218 10

159 1235 295 1292 bararum
307 1240 479 1311 pervaserat,
494 1230 553 1287 fani
572 1230 789 1307 locupletissimi
803 1239 832 1287 et
851 1230 1057 1305 religiosissimi
1078 1233 1146 1289 diri·

160 1312 259 1388 piendi
273 1312 361 1370 eausa
376 1310 405 1368 iu
419 1329 469 1366 eas
486 1328 549 1367 oras
569 1320 698 1367 nostrum
718 1309 876 1367 exercitum
896 1328 958 1366 esse
979 1310 1143 1368 adductum.

160 1389 208 1448 Ita
222 1391 351 1448 nationes
364 1389 459 1446 multae
474 1398 557 1464 atque
571 1407 684 1466 magnae
693 1387 895 1463 novoquodam
905 1398 1012 1445 terrore
1022 1407 1057 1445 ac
1067 1396 1144 1447 metu

160 1469 386 1526 concitabantur.
420 1466 526 1525 Noster
538 1476 634 1525 autem
645 1467 800 1536 exercitus,
811 1465 865 1523 etsi
879 1466 979 1523 urbem
992 1485 1029 1524 ex
1041 1466 1145 1544 Tigra·

158 1547 204 1604 nis
217 1566 306 1623 regno
319 1555 444 1622 ceperat,
459 1555 488 1603 et
507 1546 615 1623 proeliis
629 1565 699 1603 usus
712 1555 774 1602 erat
787 1545 932 1615 secundis,
946 1554 1042 1603 tamen
1055 1547 1144 1604 uimid
1160 1552 1193 1605 15

157 1625 363 1701 longinquitate
376 1625 516 1696 locorum,
532 1644 566 1682 ac
580 1625 723 1683 desiderio
737 1642 863 1693 suorum,
878 1624 1116 1699 commovebatur.

198 1703 257 1762 Hic
268 1704 328 1781 jam
341 1703 423 1780 plura
437 1724 495 1761 non
509 1704 614 1761 dicam.
656 1703 726 1772 Fuit
740 1704 818 1760 enim
833 1702 905 1760 illud
922 1700 1093 1785 ἕψω,
1114 1714 1146 1761 ut

107 1780 111 1787 ’
156 1801 193 1840 ex
206 1783 241 1840 iis
253 1783 357 1841 looisa
378 1782 517 1840 militibus
539 1783 642 1840 uostris
663 1783 773 1840 reditus
794 1781 887 1858 magis
907 1791 1045 1852 maturus,
1059 1780 1145 1857 qudm

155 1863 299 1937 processio
319 1862 440 1938 longior,
462 1871 646 1937 quereretur.
690 1850 874 1919 Mithridates
899 1870 993 1918 autem
1014 1870 1044 1918 et
1063 1880 1145 1919 suam

157 1959 274 1999 manum
285 1940 345 2016 jam
360 1941 559 2010 confirmatam
581 1950 722 1999 eteorum
742 1941 792 2016 qui
813 1958 844 1996 se
858 1939 968 2015 exejus
987 1959 1076 2015 regno
1090 1941 1146 1997 col·
1159 1941 1195 1995 20

157 2018 297 2095 legerant,
319 2029 349 2076 et
375 2019 489 2096 magnis
516 2020 687 2077 adventiciis
706 2019 861 2077 multorum
882 2025 982 2093 'regum
1002 2029 1031 2075 et
1057 2019 1147 2087 natio-

157 2116 237 2168 num,
247 2097 336 2173 copiis
341 2097 501 2172 juvabatur.
537 2098 603 2156 Hoc
609 2098 667 2174 jam
677 2097 737 2156 sere
747 2098 790 2155 sic
798 2097 861 2155 fieri
869 2096 960 2154 solere
968 2082 1146 2237 acceffipfirk

158 2185 191 2233 ut
204 2193 305 2252 regum
320 2175 434 2232 afflictae
449 2175 568 2233 fortunae
589 2174 676 2234 facile
699 2177 852 2235 multorum
873 2195 941 2253 opes
962 2162 1059 2254 allici¹
1111 2178 1147 2234 ad

158 2254 395 2324 misericordiam,
404 2252 587 2330 maximeque
601 2274 709 2326 eorum,
724 2256 773 2332 qui
788 2266 837 2313 aut
850 2274 935 2333 reges
955 2256 1096 2325 sunt,tiut
1109 2255 1147 2313 vi·

158 2343 229 2391 vunt
242 2333 272 2391 in
286 2352 391 2409 regn0;
412 2330 490 2407 qudd
503 2333 600 2409 regale
614 2334 650 2391 iis
673 2353 779 2393 nomen
800 2354 938 2412 magnum
962 2345 991 2391 et
1015 2344 1147 2391 sanctum
1159 2331 1195 2385 25

157 2430 221 2469 esse
235 2412 372 2469 videatur.
414 2411 517 2487 Itaque
531 2421 642 2469 tantum
654 2414 750 2489 vietus
763 2414 879 2471 efficere
891 2414 992 2490 potuit,
1007 2424 1145 2488 quantum

121 2561 127 2573 α
157 2489 309 2547 incolumis
322 2509 469 2565 uunquam
484 2500 528 2548 est
543 2490 748 2568 ausus'optare.
788 2492 877 2564 Nam,
892 2490 961 2551 crim
980 2511 1012 2548 se
1033 2491 1063 2548 in
1084 2512 1146 2569 reg·

156 2588 225 2626 num
240 2568 387 2644 recipisset
401 2587 495 2639 suum,
509 2589 567 2628 non
590 2571 644 2628 suit
665 2591 701 2629 eo
722 2581 873 2629 contentus
894 2572 970 2647 quod
991 2571 1018 2628 ei
1042 2583 1145 2646 praeter

156 2667 235 2724 spem
250 2648 405 2718 acciderat,
420 2658 452 2705 ut
466 2648 555 2718 illam,
570 2659 755 2725 posteaquam
768 2651 868 2727 pulsus
888 2660 959 2720 erat,
973 2659 1078 2707 terram
1093 2670 1145 2707 uu·

155 2745 241 2801 quam
269 2726 438 2803 attingeret;
469 2728 521 2784 sed
542 2727 572 2785 in
593 2730 753 2786 exercitum
773 2741 907 2800 vestrum,
928 2728 1038 2787 clarum
1059 2739 1144 2804 atque
1156 2735 1193 2788 30

156 2805 302 2876 victorem,
317 2805 455 2881 impetum
472 2806 550 2863 fecit.

161 2924 174 2931 -
195 2883 288 2941 Sinite
302 2884 443 2955 hocloco,
457 2884 599 2956 Quirites,
616 2885 707 2963 (sicut
719 2890 812 2963 po'e'tae
833 2887 934 2958 solent,
956 2886 1004 2961 qui
1025 2906 1071 2944 res
1085 2886 1145 2944 Ro-

154 2981 256 3019 manas
276 2963 420 3040 scribunt)
448 2964 594 3038 preterire
621 2984 668 3022 me
690 2975 817 3024 nostram
841 2965 1051 3034 calamitatem3
1080 2985 1143 3041 quae

157 3050 236 3098 tanta
249 3041 312 3111 tuit,
326 3051 358 3098 ut
372 3061 437 3099 eam
452 3043 487 3099 ad
502 3061 587 3101 aures
601 3044 634 3101 L.
650 3043 768 3102 Luculli
782 3064 839 3103 non
853 3064 888 3101 ex
901 3044 1001 3120 proelio
1014 3045 1143 3115 nuntius,

155 3120 206 3177 sed
220 3139 255 3177 ex
269 3138 399 3177 sermone
419 3139 525 3192 rumor,
540 3122 662 3180 afferret.
705 3122 775 3194 Hic,
790 3123 821 3180 iu
835 3123 895 3199 ipso
909 3123 957 3180 illo
976 3122 1061 3192 malo,
1082 3141 1144 3198 gra·
1156 3125 1191 3179 35

156 3198 328 3273 vissimdque
342 3192 410 3274 belli
423 3198 597 3281 offepsione,
606 3201 639 3259 L.
655 3201 805 3272 Lucullus,
819 3203 868 3276 qui
882 3212 978 3259 tamen
1000 3201 1094 3275 aliqud
1109 3221 1144 3258 ex

154 3287 234 3354 parte
249 3278 284 3334 iis
306 3264 495 3335 incommodis
516 3276 626 3337 mederi
648 3274 768 3337 fortasse
788 3281 935 3356 potuisset,
951 3289 1044 3339 vestro
1061 3279 1142 3354 jussu

155 3366 282 3426 coactus,
299 3354 390 3431 (qudd
404 3356 516 3431 imperii
531 3357 713 3415 diuturnitati
727 3359 843 3416 modum
856 3358 1038 3416 statuendum
1054 3359 1141 3417 veteri

81 3454 85 3459 ·
153 3434 282 3510 exemplo
294 3434 457 3513 putavistis)
472 3447 582 3510 partem
602 3431 736 3507 militum,
758 3437 807 3512 qui
825 3436 885 3513 jam
906 3437 1055 3514 stipendiis
1075 3458 1142 3495 eon-

154 3512 236 3570 fectis
255 3523 346 3583 erant,
362 3513 479 3585 dimisit,
493 3525 604 3590 partem
625 3515 774 3573 Glabrioni
797 3516 922 3574 tradidit.
964 3515 1059 3574 Multa
1071 3537 1142 3592 prae·
1153 3518 1189 3570 40

70 3590 73 3595 ’
153 3600 231 3649 tereo
245 3588 401 3650 cousultdi
422 3594 473 3651 sed
494 3612 531 3650 ea
551 3613 600 3651 vos
622 3594 789 3670 conjectura
809 3595 980 3671 perspicitis,
994 3598 1160 3670 -quantum'

154 3669 223 3727 illud
237 3672 345 3729 bellum
358 3670 513 3751 [futurum]
529 3673 644 3748 putetis,
659 3672 734 3748 quod
752 3673 927 3750 conjungant
948 3693 1031 3749 reges
1043 3686 1141 3750 poten·

153 3747 265 3819 tissimi,
279 3761 415 3808 renovent
430 3751 543 3827 agitatae
557 3752 698 3822 nationes,
719 3752 877 3826 suscipiant
897 3753 1016 3826 iutegrae
1030 3762 1139 3828 gentes,

153 3846 242 3885 novus
256 3829 407 3903 imperator
421 3839 514 3886 vester
530 3831 663 3905 accipiat,
679 3841 775 3886 vetere
788 3830 870 3905 pulso
883 3829 1020 3888 exercitu.

390 3910 408 3959 5
