2692 4484
100 378 105 385 ·
324 370 330 382 ·
367 343 502 395 ORATIO
523 344 570 393 lv.
591 342 630 392 IN
653 342 684 391 L.
708 339 922 392 CATILINAM.
1135 343 1181 401 'ss

135 410 389 478 2704&st
481 453 483 461 l

120 482 134 545 s
147 470 281 565 quadstus,
294 488 419 547 occlusis
432 486 570 558 tabernis,
585 484 678 543 minui
691 484 773 556 solet,
787 484 856 559 quid
876 482 995 541 tandem
1010 480 1137 541 incensis

147 569 351 710 qubudnchinl
358 647 399 704 ita
412 645 479 717 sint,
494 644 596 702 Patres
609 641 784 717 Conscripti,
798 641 878 700 robis
889 639 986 718 populi
1006 639 1137 698 Romani

144 726 277 816 presidia
289 746 349 786 non
363 726 483 783 desunt:
505 743 554 781 vos
568 742 605 780 ne
618 721 722 799 populo
737 720 871 779 Romano
884 720 984 777 deesse
998 719 1147 787 videami·,
1212 714 1220 730 ’

145 824 186 877 m,
201 806 354 882 providete.
717 877 723 889 ·
758 878 764 889 ῃ
858 876 865 888 θ
918 876 924 888 ι
1012 875 1018 887 ·
1166 801 1184 853 5

115 902 138 929 2-
185 884 240 942 IX.
277 883 401 941 Habetis
427 880 576 940 consulem
597 898 633 936 ex
651 877 781 954 plurimrs
805 877 942 954 perrculrs
961 886 991 934 et
1011 877 1133 949 ms1dus,

145 973 232 1038 atque
254 982 291 1020 ex
312 961 408 1019 media
431 971 531 1029 morte,
546 977 603 1016 non
626 959 662 1014 ad
682 957 767 1014 vitam
789 975 881 1027 suam,
895 956 946 1013 sed
961 956 996 1013 ad
1011 957 1133 1014 salutem

145 1053 280 1113 vestram,
295 1052 489 1099 reservatum:
510 1055 610 1094 omnes
622 1037 747 1106 ordines,
762 1037 798 1092 ad
820 1036 1044 1094 conservandam
1061 1054 1135 1093 rem·
1195 1101 1198 1106 t

145 1121 302 1196 publicam,
313 1130 419 1188 mente,
429 1116 583 1186 voluntate,
592 1117 697 1185 studio,
711 1115 824 1184 virtute,
839 1134 919 1185 voce,
934 1115 1130 1172 consentiunt:

145 1200 263 1257 obsessa
283 1199 397 1257 facibus
416 1206 446 1254 et
468 1195 533 1254 telis
555 1195 648 1270 impiae
678 1194 889 1270 conjurationis,
910 1193 990 1252 vobis
1017 1194 1134 1271 supplex
1149 1201 1182 1253 10

148 1295 250 1335 manus
263 1277 357 1335 tendit
370 1276 461 1353 patria
474 1274 650 1333 communis:
672 1273 752 1331 vobis
766 1292 806 1342 se,
816 1274 895 1329 vobis
905 1272 991 1329 vitam
1005 1273 1132 1330 omnium

150 1355 266 1426 civium,
283 1355 363 1414 vobis
386 1373 480 1411 arcem
503 1363 532 1410 et
559 1352 744 1428 Capitolium,
770 1351 848 1408 vobis
875 1371 937 1408 aras
971 1351 1132 1422 Penatium,

148 1434 229 1490 vobis
251 1434 331 1491 illum
353 1433 446 1510 ignem
462 1433 557 1490 Vestae
579 1442 747 1508 perpetuum
770 1449 805 1487 ac
827 1431 1038 1506 sempiternum,
1053 1431 1132 1488 vobis

145 1513 244 1569 omnia
271 1512 374 1587 templa
400 1512 530 1568 Deorum
555 1523 641 1585 atque
664 1510 795 1579 delubra,
820 1509 898 1566 vobis
925 1528 1020 1566 muros
1048 1520 1132 1583 atque

146 1590 225 1647 urbis
244 1600 332 1661 tecta,
346 1592 538 1648 commendat.
580 1590 724 1647 Praeterea
743 1590 780 1645 de
797 1588 890 1645 vestrd
905 1587 972 1658 vita,
987 1589 1023 1645 de
1037 1587 1132 1663 conju·
1146 1602 1180 1654 15

145 1687 214 1745 gum
228 1680 386 1727 vestrarum
409 1688 444 1726 ac
465 1669 619 1727 liberorum
638 1667 745 1738 animd,
760 1667 797 1724 de
811 1666 931 1724 fortunis
944 1666 1081 1736 omnium,
1096 1666 1132 1724 de

145 1747 271 1819 sedibus,
286 1749 322 1806 de
336 1748 408 1806 locis
421 1747 522 1805 vestris
606 1747 632 1804 ‘e
667 1765 686 1804 o
699 1746 747 1804 die
760 1746 840 1803 vobis
851 1745 1039 1821 judicandum
1053 1754 1104 1802 est.

185 1826 308 1885 Habetis
330 1828 446 1898 ducem,
498 1846 563 1884 emo
666 1825 745 1896 estri,
766 1824 887 1883 oblitum
908 1824 968 1894 sui;
990 1843 1053 1898 quae
1074 1842 1132 1881 non

146 1924 256 1982 semper
270 1906 392 1975 facultas
410 1908 511 1963 datur:
532 1905 644 1962 habetis
664 1923 766 1962 omnes
785 1904 910 1974 ordines,
923 1922 1024 1961 omnes
1044 1902 1133 1960 homi·

145 2003 207 2055 nes,
222 1985 387 2043 universum
407 1985 543 2061 populum
565 1983 732 2041 Romanum
748 1981 802 2060 (id,
818 1983 893 2057 quod
907 1982 937 2038 in
951 1981 1029 2040 civili
1044 1979 1133 2037 causi
1146 1988 1182 2042 20

147 2061 285 2121 hodierno
297 2063 344 2121 die
357 2061 482 2139 primiim
495 2063 639 2140 videmus)
655 2080 745 2120 unum
761 2074 846 2135 atque
861 2061 938 2118 idem
952 2058 1131 2117 sentientem.

147 2140 291 2216 Cogitate,
302 2141 417 2214 quantis
427 2141 572 2198 laboribus
582 2140 733 2198 fundatum
744 2140 905 2216 imperium,
915 2139 1022 2214 quanta
1032 2138 1133 2197 virtute

147 2218 303 2275 stabilitam
324 2218 496 2289 libertatem,
511 2219 619 2293 quanta
640 2219 767 2276 Deorum
782 2219 959 2299 benignitate
974 2229 1075 2275 auctas
1087 2236 1133 2275 ex·

149 2308 356 2373 aggeratasque
370 2297 507 2368 fortunas,
522 2316 580 2355 una
593 2317 649 2355 nox
663 2297 737 2374 pene
754 2298 864 2355 deldrit.
907 2298 941 2354 ld
956 2317 993 2354 ne
1008 2315 1133 2371 unquam

147 2377 275 2451 posthac,
290 2396 346 2434 non
370 2374 454 2435 modd
476 2376 589 2447 confici,
604 2378 655 2435 sed
677 2397 714 2435 ne
736 2369 855 2454 cogitari
877 2377 992 2452 quidem
1014 2376 1180 2452 possita25

147 2450 268 2525 civibus,
284 2455 420 2512 hodierno
441 2455 488 2512 die
509 2456 714 2532 providendum
736 2467 786 2513 est.
828 2458 924 2531 Atque
942 2457 1013 2525 haec,
1028 2474 1084 2512 non
1099 2464 1129 2514 ut

146 2551 205 2602 vos,
227 2534 275 2607 qui
304 2533 373 2590 mihi
402 2534 496 2592 studio
522 2533 596 2611 penb
626 2535 808 2611 presumitis,
832 2536 996 2603 excitarem,
1018 2535 1131 2592 locutus

146 2629 228 2681 sum;
250 2613 300 2670 sed
315 2621 346 2669 ut
359 2631 424 2671 mea
438 2632 500 2684 vox,
515 2633 578 2689 quae
592 2614 679 2672 debet
695 2634 758 2672 esse
778 2615 807 2671 in
828 2614 974 2691 republica
987 2613 1130 2690 princeps,

144 2689 240 2749 officio
254 2691 353 2749 functa
367 2692 511 2750 consulari
526 2693 678 2751 videretur.

185 2768 223 2827 X.
251 2768 350 2841 Nunc,
372 2769 438 2828 antd
460 2771 547 2845 quam
571 2771 685 2849 [Patres
704 2771 880 2853 Conscripti]
903 2772 939 2829 ad
959 2771 1130 2829 sententiam
1144 2783 1180 2837 30

145 2848 241 2920 redeo,
255 2849 292 2906 de
305 2868 352 2908 me
365 2869 460 2926 pauca
473 2850 578 2908 dicam.
621 2851 694 2928 Ego,
709 2863 818 2926 quanta
831 2870 932 2908 manus
945 2861 988 2908 est
1001 2851 1131 2927 conjura·

145 2936 249 2997 torum,
264 2947 350 3002 quam
360 2927 463 2987 videtis
476 2949 539 2987 esse
553 2946 750 3008 permagnam,
765 2942 874 2987 tantam
889 2949 934 2988 me
949 2930 1131 2988 inimicorum

145 3006 358 3064 multitudinem
379 3009 539 3084 suscepisse
554 3009 652 3067 video:
673 3010 723 3067 sed
745 3028 809 3066 eam
830 3029 893 3067 esse
908 3010 1007 3086 judico
1019 3022 1131 3084 turpem

101 3131 105 3135 .
146 3095 175 3142 et
195 3084 348 3156 infirmam,
363 3097 554 3163 contemptam
575 3098 604 3145 et
625 3089 776 3164 abjectam.
815 3088 907 3149 Quod
925 3088 950 3144 si
968 3087 1131 3161 aliquando,

146 3163 269 3239 alicujus
289 3163 384 3222 furore
404 3174 433 3222 et
453 3166 562 3224 scelere
583 3167 727 3224 concitata
741 3185 844 3224 manus
858 3167 912 3223 ista
924 3167 988 3242 plus
1002 3165 1181 3236 valuerit&

145 3241 232 3317 quiam
247 3251 341 3300 vestra
362 3262 398 3301 ac
411 3244 576 3321 reipublicae
597 3245 738 3322 dignitas;
760 3265 807 3303 me
820 3258 917 3303 tamen
932 3263 1059 3302 meorum
1075 3244 1142 3302 fac·,

144 3331 239 3379 torum
260 3331 345 3397 atque
366 3324 549 3381 consiliorum
571 3343 728 3399 nunquam,
744 3326 843 3382 Patres
857 3324 1029 3400 conscripti,
1044 3323 1132 3400 poeni-

145 3400 223 3458 tebit
266 3399 381 3459 Etenim
396 3421 480 3473 mors,
496 3421 581 3477 quam
603 3402 643 3460 illi
664 3404 734 3461 mihi
750 3404 867 3462 fortasse
882 3404 1057 3473 minitantur,
1072 3423 1131 3462 om·

145 3479 229 3537 nibus
243 3490 286 3537 est
299 3491 413 3556 parata:
435 3482 499 3539 vitae
513 3493 622 3540 tantam
636 3482 761 3552 laudem,
776 3484 882 3558 quantd
903 3503 952 3541 vos
971 3502 1016 3540 me
1031 3483 1131 3541 vestris

145 3559 268 3617 decretis
283 3561 461 3633 honestdstis,
477 3580 561 3619 nemo
575 3575 618 3619 est
633 3574 788 3620 assecutus.
830 3563 950 3620 Caeteris
967 3563 1043 3619 enim
1059 3581 1131 3619 sem·
1145 3570 1181 3624 40

144 3656 194 3712 per
214 3636 288 3696 bend
307 3651 404 3715 gestae,
418 3640 490 3697 mihi
510 3641 561 3703 uni
582 3652 766 3711 conservatae,
781 3641 945 3718 reipublicae
966 3641 1131 3717 gratulatio·

147 3734 212 3772 nem
226 3717 400 3776 decrevistis.

187 3794 231 3851 Sit
246 3796 342 3871 Scipio
355 3797 460 3868 clarus,
472 3798 530 3868 ille,
541 3798 624 3874 cujus
638 3799 758 3856 consilio
769 3810 853 3873 atque
864 3800 968 3855 virtute
982 3793 1130 3852 Hannibal

147 3872 176 3930 in
204 3872 334 3931 Africam
355 3877 459 4011 rgdpre,
481 3887 566 3952 atque
589 3896 624 3934 ex
651 3877 738 3935 ltalia
759 3877 910 3948 decedere,
932 3884 1051 3932 coactus
1070 3880 1130 3928 est:
