2692 4484
396 337 533 386 onemo
553 336 593 386 nt
614 337 655 385 ru.
678 334 884 386 nnuonruru.
1119 342 1178 402 158

173 478 203 538 Ο
217 499 282 538 mea
295 480 397 543 frustra
410 499 523 556 semper
536 478 687 538 verissima
700 478 823 554 auguria
835 496 933 537 rerum
948 478 1126 539 futurarum!

134 557 277 617 Dicebam
292 559 347 616 illis
361 559 391 616 iu
408 558 552 636 Capitolio
572 557 776 616 liberatoribus
799 558 913 631 nosris,
929 555 999 617 edm
1021 576 1070 618 me
1092 559 1128 617 ud

133 647 163 695 te
174 638 216 695 ire
226 639 339 710 vellent,
350 647 383 696 ut
396 638 434 696 ad
444 637 659 702 defendendam
673 635 880 713 rempublicam
894 647 924 696 te
939 637 1126 709 adhortarer;

132 718 227 791 quoad
247 727 401 791 metueres,
421 716 521 775 omnia
540 725 570 773 te
589 715 823 793 promissurnmq
847 716 932 775 simul
961 736 996 775 ac
1012 716 1128 788 ,timere

132 793 266 868 desisses,
286 796 410 855 similem
430 806 460 853 te
480 795 609 853 futurum
628 794 680 852 tui.
722 792 834 870 Itaque,
850 793 920 853 cium
940 794 1037 854 caeteri
1058 815 1127 854 con·
1158 805 1177 859 5

131 875 241 933 sulares
254 875 340 946 irent,
354 874 492 945 redirent,
507 873 538 946 iu
557 872 702 931 seutentid
715 872 827 932 mansi:
847 892 941 950 neque
962 883 991 931 te
1005 874 1054 934 illo
1067 875 1125 949 die,

131 972 226 1030 neque
243 964 369 1031 postero,
382 953 459 1022 ridi3
480 951 682 1027 neque'ullam
696 951 863 1010 societatem
883 952 999 1028 optimis
1014 953 1126 1013 civibus

131 1051 200 1090 cum
214 1031 460 1109 importunissimo
472 1030 554 1088 hoste
568 1030 675 1087 foedere
699 1030 757 1089 ullo
770 1030 936 1090 confirmari
958 1050 1042 1108 posse
1065 1052 1127 1091 ere·

132 1112 204 1168 didi.
247 1112 318 1168 Post
331 1110 409 1167 diem
422 1109 539 1166 tertium
560 1108 627 1166 veni
648 1108 679 1166 in
694 1111 786 1166 aedem
808 1109 946 1181 Telluris,
961 1119 991 1167 et
1012 1110 1126 1185 quidem

132 1183 251 1262 invitus,
266 1186 336 1246 cium
349 1206 450 1246 omues
465 1188 559 1245 aditus
573 1187 675 1246 armati
694 1188 868 1246 obsiderent.
909 1188 973 1250 Qui
993 1189 1045 1247 tibi
1064 1191 1126 1248 dies
1141 1195 1175 1249 10

133 1267 192 1338 ille,
208 1266 251 1324 M.
266 1266 389 1337 Antoni,
403 1266 479 1324 suitl
518 1266 697 1343 Quanquam
717 1266 789 1325 mihi
807 1266 902 1325 subitb
923 1267 1060 1326 inimicus
1079 1288 1126 1328 ex·

132 1345 241 1417 stitisti,
255 1355 354 1402 tamen
368 1364 414 1402 me
428 1345 469 1402 tui
483 1345 608 1416 miseret,
622 1345 700 1422 qudd
714 1345 767 1404 tibi
781 1346 926 1405 invideris.

173 1424 323 1483 XXXVI.
363 1423 426 1486 Qui
446 1434 477 1482 tu
491 1423 543 1496 vir,
560 1423 624 1503 (Dii
644 1425 852 1502 immortalesl)
873 1437 903 1484 et
915 1437 1038 1502 quantus
1059 1426 1127 1485 suis·

130 1522 187 1575 ses,
202 1503 227 1561 si
242 1503 320 1560 illius
333 1503 391 1561 diei
404 1514 531 1561 mentem
544 1522 659 1576 serrare
676 1504 837 1580 potuisses!
879 1505 986 1563 Pacem
1007 1506 1126 1564 habere-

129 1601 205 1653 mus,
219 1601 284 1657 quas
297 1592 359 1640 erat
373 1582 450 1640 facta
468 1600 520 1659 per
539 1583 680 1655 obsidem,
694 1602 817 1660 puerum
837 1583 976 1655 nobilem,
992 1582 1049 1662 [M.
1064 1586 1126 1643 An·
1140 1586 1176 1640 15

129 1661 202 1719 tonii
223 1661 340 1798 ῆίἰιιιῐιί]
356 1661 398 1719 M.
421 1661 619 1719 Bambalionis
641 1671 785 1738 nepotem.
826 1662 1005 1738 Quanquam
1029 1674 1057 1719 te
1078 1663 1128 1721 bo·

129 1758 199 1797 num
213 1740 299 1798 timor
330 1742 454 1813 sciebat,
468 1760 527 1800 nou
549 1741 704 1798 diuturnus
725 1741 862 1817 magister
885 1741 993 1811 officii3
1025 1740 1128 1817 impro-

102 1841 103 1846 ¹
130 1817 199 1877 bum
214 1819 284 1876 fecit
297 1838 342 1890 ea,
358 1839 432 1897 qum,
446 1820 516 1877 dum
530 1820 615 1878 timor
630 1820 722 1893 abest,
737 1839 754 1877 a
768 1831 797 1877 te
811 1839 869 1878 non
890 1820 1030 1892 discedit,
1039 1821 1125 1879 auda-

130 1898 187 1955 cia.
229 1898 294 1957 Etsi
308 1911 380 1971 tum,
395 1898 464 1956 cium
477 1899 618 1975 optimum
633 1908 661 1955 te
683 1899 823 1974 putabant
846 1896 906 1976 (me
929 1900 1047 1976 quidem
1068 1899 1126 1956 dis-

131 1977 301 2057 sentiente),
317 1977 411 2036 t’uneri
432 1976 558 2052 tyranni,
572 1977 598 2034 si
622 1976 709 2034 sunus
732 1977 803 2036 illud
818 1978 881 2049 fuit,
905 1975 1124 2056 sceleratissime
1139 1988 1176 2042 20

131 2055 270 2130 praefuisti
281 2076 287 2113 :
308 2066 359 2113 tua
374 2056 423 2113 illa
436 2056 559 2132 pulchra
572 2055 710 2126 laudatio,
721 2065 771 2113 tua
784 2056 941 2129 miseratio,
956 2066 1008 2114 tua
1028 2058 1127 2115 cohor·

133 2134 211 2191 tatio.
253 2134 314 2204 Tu,
328 2143 371 2205 tu,
386 2134 513 2210 inquam,
527 2133 591 2190 illas
612 2133 692 2191 laces
712 2135 877 2207 incendisti,
899 2146 929 2194 et
949 2154 1009 2207 eas,
1023 2135 1130 2211 quibus'

133 2211 350 2270 semiustulatus
364 2212 412 2270 ille
426 2222 479 2282 est,
494 2222 524 2270 et
543 2231 604 2283 eas,
612 2212 723 2288 quibus
742 2214 863 2271 incensa
883 2213 918 2272 L.
934 2214 1059 2273 Bellieni
1077 2216 1127 2274 do·

133 2308 200 2348 mus
219 2290 396 2368 deflagravit.
438 2291 487 2348 Tu
502 2290 564 2349 illos
582 2291 706 2368 impetus
719 2293 895 2368 perditorum
911 2293 1072 2366 hominum,
1085 2304 1124 2368 et,

133 2388 171 2428 ex
183 2370 311 2427 maximi
324 2380 414 2446 parte,
428 2388 585 2442 servorum,
599 2390 671 2447 quos
685 2390 738 2430 nos
751 2372 779 2429 vi
793 2390 938 2450 manuque
958 2373 1126 2449 repulimus,
1140 2374 1176 2428 25
1200 2382 1204 2390 ·

133 2448 164 2506 in
178 2459 290 2507 nostras
304 2450 403 2507 domos
417 2449 569 2506 immisisti.
926 2505 929 2510 .

172 2526 256 2586 Idem
277 2538 386 2599 tamen,
408 2529 490 2604 quasi
517 2528 639 2605 iuligine
664 2529 803 2600 abstersa,
823 2529 939 2607 reliquis
965 2530 1068 2589 diebus
1094 2531 1125 2589 in

132 2605 276 2682 Capitolio
290 2608 428 2684 praeclara
441 2607 705 2666 senatis-consulta
724 2608 829 2680 fecisti,
844 2628 880 2667 ne
900 2628 957 2686 qua
969 2620 1034 2686 post
1054 2609 1125 2669 Idus

132 2684 254 2743 Martias
274 2686 464 2744 immunitatis
483 2686 592 2758 tabula,
606 2705 681 2744 neve
701 2686 870 2763 cujusquam
892 2689 1037 2760 beneficii,
1056 2689 1126 2766 fige·

132 2773 217 2822 retur.
259 2764 420 2823 Meministi
444 2765 515 2841 ipse,
537 2766 574 2823 de
594 2766 753 2836 exsulibus,
778 2767 846 2838 scis,
870 2767 907 2825 de
931 2768 1123 2840 immunitate,
1137 2767 1175 2821 30

131 2843 200 2918 quid
214 2843 328 2901 dixeris.
368 2843 520 2921 Optimum
535 2843 613 2915 verb,
627 2843 706 2920 qubd
719 2845 871 2903 dictaturae
892 2865 996 2904 nomen
1011 2847 1042 2904 in
1062 2867 1126 2923 per·

130 2932 248 2997 petuum
270 2924 306 2980 de
326 2922 477 2999 republicd
497 2923 646 2981 sustulisti.
687 2922 759 2985 Quo
778 2924 896 2999 quidem
916 2925 993 2984 lacto
1012 2936 1125 2984 tantum

131 3011 160 3057 te
181 3002 293 3077 cepisse
312 2998 412 3058 odium
432 3002 515 3078 regni
535 3003 697 3073 videbatur,
718 3013 751 3060 ut
770 3003 834 3079 ejus
863 3022 990 3075 omnem,
1010 3014 1124 3081 propter

127 3080 292 3153 proximum
307 3079 488 3149 dictatorem,
503 3080 617 3137 tolleres
630 3091 748 3138 metum.

173 3157 339 3215 Constituta
352 3157 516 3234 respublica
526 3158 676 3216 videbatur
692 3159 765 3231 aliis,
777 3160 848 3218 milri
863 3157 931 3217 verb
940 3160 1020 3219 nullo
1031 3160 1124 3228 modo,
1138 3170 1173 3224 35

131 3236 181 3312 qui
201 3236 309 3307 omnia,
324 3247 353 3293 te
373 3237 565 3314 gubernante,
585 3238 738 3313 naufragia
763 3237 936 3297 metuebam.
979 3238 1058 3296 Num
1080 3258 1125 3296 me

132 3315 220 3392 igitur
241 3315 365 3374 fefellitl
388 3325 437 3373 aut
458 3334 528 3372 num
548 3315 658 3374 diutius
678 3316 723 3373 sui
748 3317 842 3392 potuit
867 3336 931 3375 esse
957 3317 1124 3376 dissimilisl

131 3394 366 3470 inspectantibus
386 3394 477 3464 vobis,
497 3403 558 3451 toto
578 3394 722 3470 Capitolio
742 3395 847 3453 tabulae
867 3396 1046 3473 figebantur:
1074 3416 1123 3456 ne·

129 3492 185 3548 que
198 3470 292 3530 solum
311 3472 433 3550 singulis
454 3472 591 3530 venibant
611 3473 817 3545 immunitates,
832 3475 883 3532 sed
903 3475 990 3533 etiam
1010 3477 1123 3552 populis

130 3551 280 3609 universis.
321 3551 432 3609 Civitas
446 3568 504 3608 non
522 3551 582 3626 jam
603 3551 782 3628 singillatim,
797 3554 848 3611 sed
869 3554 1023 3629 provinciis
1044 3556 1120 3625 totis,
1136 3563 1172 3616 to

130 3632 262 3688 dabatur.
303 3629 415 3707 Itaque,
430 3629 455 3688 si
469 3630 533 3687 haec
548 3642 667 3688 manent
682 3630 760 3707 (que
780 3624 874 3690 stante
894 3628 1043 3711 republicd
1063 3652 1122 3690 ma-

131 3728 202 3767 nere
223 3728 282 3767 non
302 3710 444 3789 possunt),
465 3709 630 3786 provincias
650 3711 809 3782 universas,
830 3711 930 3770 Patres
945 3710 1119 3786 conscripti,

129 3787 312 3865 perdidistis:
333 3807 426 3864 neque
440 3788 593 3866 vectigalia
607 3788 711 3860 solum,
726 3790 880 3847 sedetiam
901 3790 1053 3865 imperium
1074 3804 1124 3861 po·

129 3868 189 3943 puli
203 3866 341 3939 Romani,
354 3867 440 3943 hujus
453 3868 620 3926 domesticis
633 3868 775 3927 nundinis
787 3869 968 3926 deminutum
982 3874 1034 3922 est
1119 3927 1123 3931 ,
