2692 4484
347 343 484 394 ORATIO
506 342 577 393 Pac
598 342 630 393 Τ.
650 341 767 392 ANNIO
789 338 941 391 MILONE.
1132 344 1188 406 111

146 507 234 563 quem
247 487 272 545 si
285 487 334 563 qui
348 498 409 546 tum
423 487 626 560 interemisset,
641 506 700 545 non
714 486 751 544 da
765 483 938 561 impunitate
951 484 1025 563 ejus,
1039 485 1092 543 sed
1105 485 1143 545 da

146 567 280 643 premiis,
295 567 477 644 cogitaretur.

187 646 301 705 Tamen
314 666 346 704 se
360 646 434 706 Milo
454 646 607 719 continuit,
622 654 651 704 et
666 643 700 703 P.
715 641 851 702 Clodium
873 643 909 702 ad
920 642 1065 719 judicium
1086 642 1141 717 bis,

148 724 183 783 ad
210 725 267 782 rim
289 746 449 801 nunquam,
476 725 598 785 vocavit.
639 722 745 786 Quint
769 721 879 798 privato
899 720 1020 796 Milone,
1041 733 1143 784 atreo

147 804 183 861 ad
205 805 352 881 populum,
373 815 534 874 ,accusante
557 805 590 863 P.
605 802 719 874 Clodio,
744 797 813 859 clim
835 801 866 859 in
890 800 945 859 Cn.
969 802 1141 879 Pompeium
1172 805 1192 859 5

144 901 196 958 pro
208 883 321 941 Milone
335 883 482 942 dicentem
495 884 619 959 impetus
634 882 728 939 factus
741 889 803 950 cst3
825 899 889 954 quas
899 890 962 938 tum
980 900 1039 939 nou
1052 879 1140 940 modd

144 963 270 1034 occasio,
281 963 334 1020 sed
347 962 436 1020 etiam
450 981 550 1033 causa,
561 961 639 1019 illius
648 958 828 1036 opprimendi
842 958 914 1017 fuitl
948 957 1050 1036 Nuper
1060 960 1140 1033 verb,

145 1039 214 1099 clam
229 1036 271 1098 M.
288 1041 435 1099 Antonius
448 1058 592 1098 summam
615 1057 696 1115 spem
719 1037 820 1095 salutis
843 1038 927 1096 bonis
949 1039 1083 1097 omnibus
1098 1049 1140 1097 at·

145 1120 269 1191 tulisset,
320 1119 541 1194 avissimamquc
566 1119 734 1176 adolescens
755 1113 951 1176 nobilissimus
971 1117 1139 1194 reipublicae

145 1209 259 1274 partem
294 1195 438 1255 ortissimd
462 1197 645 1275 suscepisset,
673 1207 759 1272 atqua
782 1195 861 1254 illam
882 1195 1191 1273 belluam,judicii10

147 1276 267 1351 laqueos
280 1276 485 1348 declinantem,
497 1277 557 1353 jam
581 1261 735 1335 irrMitarb·
744 1267 875 1346 teneret,
897 1274 946 1351 qui
960 1275 1050 1347 locus,
1064 1278 1141 1352 quod

148 1365 262 1431 tempus
276 1355 346 1412 illud
362 1354 426 1434 (Dii
439 1356 613 1414 immortales
623 1356 646 1430 l)
668 1354 723 1412 fuit
733 1355 744 1412 l'
783 1352 862 1412 Ciam
875 1373 907 1412 se
921 1353 969 1412 ille
983 1354 1096 1431 fugiens
1109 1356 1141 1415 in

148 1434 293 1491 scalarum
317 1435 450 1493 tenebras
474 1434 640 1506 abdidisset,
655 1451 795 1511 magnum
810 1432 916 1491 Miloni
930 1432 984 1490 fuit
997 1435 1141 1493 conficere

147 1512 226 1570 illam
239 1522 350 1587 pestem
364 1514 443 1572 nullis
453 1515 506 1572 sub
520 1514 639 1585 invidia,
654 1511 777 1572 Antonii
798 1510 866 1570 vcrd
887 1511 1013 1569 maximi
1026 1513 1140 1590 gloritil

145 1590 251 1654 Quint
272 1592 396 1650 comitiis
419 1593 450 1651 iu
464 1592 577 1669 Campo
590 1594 703 1669 quoties
715 1601 843 1669 potestas
866 1590 939 1649 fuiti
962 1588 1031 1649 cium
1044 1591 1093 1650 ille
1112 1593 1141 1650 vi
1156 1593 1191 1649 15

144 1670 176 1729 in
191 1671 280 1746 Septa
293 1671 451 1748 irrupisset,
474 1672 586 1752 gladios
609 1671 834 1749 distringendos,
857 1669 970 1746 lapides
981 1669 1141 1745 jaciendos,

145 1751 291 1820 curasset3
313 1752 419 1810 deinde
432 1750 540 1824 subitb,
554 1752 635 1810 vultu
649 1750 769 1810 Milonis
781 1749 962 1826 perterritus,
977 1748 1091 1827 fingeret
1104 1751 1142 1809 ad

144 1828 296 1901 Tiberim;
317 1850 378 1902 vos,
401 1841 432 1889 et
451 1851 552 1891 omues
572 1831 642 1890 boni
661 1840 729 1890 vota
749 1828 895 1902 faceretis,
920 1836 953 1886 ut
972 1826 1077 1888 Miloni
1097 1829 1141 1888 uti

145 1907 247 1968 virtute
261 1909 314 1967 suti
326 1909 439 1970 liberet

183 1987 269 2046 XVI.
303 1989 405 2051 Quem
433 1990 521 2067 igitur
551 2007 620 2047 cum
647 1988 777 2047 omnium
807 1986 902 2066 gratid
931 1987 1034 2060 noluit,
1061 1987 1141 2046 hunc
1154 1985 1191 2041 20

144 2066 234 2125 voluit
253 2087 321 2126 cum
352 2068 514 2143 aliquorum
545 2068 686 2143 quereldl
726 2067 827 2131 Quem
851 2066 928 2143 jure,
954 2085 1042 2142 quem
1064 2066 1140 2139 loco,

145 2164 231 2221 quem
244 2157 382 2221 tempora,
397 2165 483 2221 quem
507 2144 637 2223 impune,
651 2166 710 2204 non
732 2155 777 2204 est
800 2164 896 2217 ausus,
920 2146 1001 2204 hunc
1024 2145 1139 2222 injurii,

145 2223 245 2299 iniquo
264 2225 338 2296 loco,
360 2224 455 2283 alieno
474 2235 613 2301 tempore,
634 2224 764 2301 periculo
784 2224 898 2301 capitis,
919 2245 978 2283 non
998 2225 1140 2283 dubitavit

144 2303 303 2360 occideret
323 2304 494 2378 praesertim,
515 2303 639 2379 judices,
655 2301 724 2361 crim
747 2302 862 2362 honoris
883 2303 1053 2378 amplissimi
1073 2323 1141 2363 con·

144 2380 245 2453 tentio,
266 2391 296 2438 et
315 2382 378 2440 dies
398 2382 580 2441 comitiorum
602 2382 752 2453 subesset;
783 2402 841 2459 quo
867 2382 984 2461 quidem
1011 2391 1140 2459 tempore
1152 2381 1189 2436 25

147 2458 223 2537 (scio
246 2460 334 2533 enim,
358 2459 445 2535 quam
469 2461 572 2519 timida
598 2461 636 2519 sit
656 2461 785 2533 ambitio,
810 2471 975 2538 quantaque
1001 2471 1031 2519 et
1051 2461 1139 2537 quam

143 2538 269 2597 sollicita
292 2539 436 2615 cupiditas
458 2540 639 2617 consulatis)
663 2541 763 2599 omnia
775 2559 832 2599 non
853 2539 949 2612 modd,
965 2559 1028 2616 quaa
1042 2560 1139 2617 repre-

143 2617 232 2676 hendi
245 2617 351 2694 paldm‚
366 2619 417 2677 sed
440 2620 528 2678 etiam
542 2639 606 2695 quae
620 2617 745 2678 obscur&
766 2619 887 2697 cogitari
901 2630 1034 2696 possum,
1055 2620 1137 2679 time·

142 2715 224 2767 mus3
246 2717 400 2770 rumorem,
414 2698 543 2757 fabulam
563 2698 672 2770 fictam,
688 2698 789 2756 salsam
803 2699 1065 2775 perhorrescimus3
1085 2718 1137 2758 ora

141 2776 269 2834 omnium
283 2788 369 2852 atque
382 2777 482 2836 oculos
506 2778 659 2836 intuemur.
702 2776 784 2835 Nihil
798 2778 876 2835 enim
896 2787 941 2836 ast
960 2787 1020 2836 tarn
1039 2779 1136 2850 molle,
1149 2778 1186 2834 30

141 2863 200 2911 tam
229 2865 370 2928 tenerum,
394 2866 456 2914 tam
476 2867 526 2915 aut
550 2856 652 2934 fragile
679 2865 728 2913 aut
748 2854 883 2928 flexibile,
898 2854 985 2932 quim
1005 2856 1137 2916 voluntas

141 2952 210 3011 erga
229 2954 291 3006 nos,
322 2954 492 3010 sensusque,
520 2936 646 3005 civium3
679 2934 728 3009 qui
758 2954 816 2992 non
846 2933 932 2993 modd
960 2934 1136 3012 improbitati

140 3009 304 3071 irascuntur
328 3014 558 3087 candidatorum,
572 3015 624 3072 sed
638 3012 726 3072 etiam
741 3012 772 3072 in
792 3011 872 3071 recte
887 3013 971 3071 factis
984 3033 1060 3089 saepc
1080 3015 1137 3073 sas·

140 3089 257 3150 tidiunt.
1046 3099 1050 3104 '

180 3169 272 3228 Hunc
284 3170 362 3229 diem
377 3171 465 3248 igitur
488 3171 604 3248 Campi,
618 3182 765 3247 speratum
790 3183 877 3248 atque
890 3180 1065 3248 exoptatum,
1079 3170 1135 3229 sibi
1148 3171 1184 3226 35

138 3267 301 3324 proponens
324 3249 408 3321 Milo,
423 3251 551 3309 cruentis
574 3250 710 3309 manibus
730 3252 825 3309 scelus
845 3260 875 3309 et
895 3251 1010 3308 facinus
1022 3270 1081 3325 prae
1101 3270 1134 3309 se

138 3327 234 3386 serens
254 3338 284 3387 et
311 3329 462 3401 confitens,
475 3330 520 3408 ad
550 3329 601 3387 illa
631 3339 755 3406 augusta
784 3328 982 3388 centuriarum
1004 3328 1134 3406 auspicia

85 3414 89 3420 ’
137 3407 294 3465 veniebatl
334 3406 436 3485 Qudm
451 3410 506 3467 hoc
519 3428 577 3466 non
592 3409 732 3467 credibile
747 3409 777 3466 in
798 3409 872 3468 hocl
895 3406 982 3484 quim
1002 3408 1079 3466 idem
1100 3409 1131 3469 in

136 3485 239 3545 Clodio
251 3507 310 3546 non
330 3487 533 3559 dubitandum,
548 3487 598 3562 qui
622 3506 663 3558 se,
679 3487 831 3546 interfecto
850 3486 971 3560 Milone,
995 3497 1131 3565 regnatu·

136 3582 201 3621 rum
213 3567 343 3640 putaret!
385 3566 492 3629 Quint
513 3566 589 3641 quod
610 3576 698 3642 caput
718 3566 848 3625 audaciae
862 3577 915 3640 est,
927 3566 1051 3643 judices,
1065 3566 1130 3642 quis
1142 3565 1179 3622 to

138 3641 260 3720 ignorat,
290 3645 445 3704 maximam
478 3644 647 3703 illecebram
675 3664 738 3703 esse
770 3647 915 3722 peccandi
949 3645 1129 3721 impunitatis

136 3724 239 3797 spem
279 3722 315 3781 In
336 3733 400 3782 utro
419 3723 507 3801 igitur
538 3725 602 3781 haec
632 3724 708 3782 fuitt
738 3724 768 3782 in
795 3724 929 3783 Milouel
960 3725 1010 3799 qui
1040 3724 1128 3781 etiam

136 3819 216 3858 nunc
230 3821 296 3859 reus
309 3812 353 3860 est
367 3802 446 3873 sacti,
461 3812 511 3860 aut
523 3802 665 3878 praeclari,
682 3814 732 3860 aut
746 3803 826 3861 certe
841 3802 1017 3861 necessarii:
1040 3820 1077 3857 an
1097 3800 1129 3856 in

69 3901 72 3909 ·
136 3878 260 3939 clodiot
291 3880 340 3956 qui
361 3880 402 3938 ita
424 3881 537 3958 judicia
555 3899 730 3957 poenamque
760 3889 981 3956 contempserat,
1003 3887 1035 3936 ut
1061 3894 1129 3934 eum
