2692 4484
177 340 235 400 112
423 332 563 383 ORATIO
584 329 655 382 PRO
676 330 709 381 Τ.
730 328 847 381 numo
867 327 1019 380 moun.

223 480 297 541 nihil
324 478 491 549 delectaret,
519 477 596 552 quod
623 483 674 533 aut
692 493 745 551 per
764 483 900 532 naturam
920 473 964 532 sas
983 481 1069 546 esset,
1098 483 1151 531 aut
1172 492 1232 550 per

223 560 304 638 leges
317 559 428 617 liceret

264 638 324 696 Sed
350 636 420 712 quid
446 654 502 712 ego
529 634 737 712 argumentari
770 630 840 708 quid
865 631 950 708 plura
976 629 1113 707 disputo?
1164 632 1229 701 Te,

222 717 264 780 Q.
285 715 393 786 Petilli,
419 714 540 791 appello,
564 711 706 789 optimum
729 721 759 769 et
779 711 966 769 fortissimum
987 710 1099 781 civem;
1121 720 1162 783 te,
1179 711 1226 772 M.

192 796 308 868 5Gato,
328 804 434 863 test0r3
455 812 528 869 quos
547 791 619 849 mihi
639 791 738 849 divina
758 790 891 865 quiedam
911 809 972 848 sors
998 790 1078 847 dedit
1095 791 1225 867 judices.

223 875 285 934 Vos
297 893 334 932 ex
356 872 399 931 M.
414 872 544 930 Favonio
567 869 699 941 audistis,
713 869 849 927 Clodium
873 869 929 927 sibi
949 868 1066 940 dixisse,
1080 880 1109 927 et
1124 869 1226 928 audis·

223 954 271 1027 tis,
285 953 350 1011 vivo
362 951 476 1023 Clodio,
496 951 656 1028 periturum
681 949 822 1007 Milonem
836 947 940 1007 triduo.
981 947 1050 1006 Post
1070 949 1148 1006 diem
1162 960 1226 1009 ter·

223 1031 296 1091 tium
310 1041 452 1110 gestares
474 1039 528 1101 est,
552 1027 639 1105 quim
663 1029 783 1086 dixerat.
824 1027 904 1087 Cium
924 1027 973 1085 ille
992 1047 1050 1086 non
1074 1028 1226 1088 dubitaret

225 1112 347 1188 aperire,
361 1110 431 1186 quid
445 1111 595 1187 cogitaret,
610 1128 659 1166 vos
671 1107 791 1184 potestis
804 1107 947 1179 dubitare,
961 1106 1031 1182 quid
1045 1107 1171 1166 feccritl

176 1191 211 1246 1⁰
263 1189 366 1249 XVII.
399 1188 655 1251 Quemadmodum
670 1187 758 1265 igitur
772 1204 840 1245 eum
860 1186 923 1244 dies
936 1206 994 1245 non
1015 1186 1137 1244 teloniis
1158 1187 1224 1245 dixi

166 1329 169 1334 ,
224 1268 360 1346 equidem
383 1267 478 1326 modo.
519 1266 678 1325 Dictatoris
698 1265 843 1325 Lanuvini
863 1275 938 1323 stata
958 1266 1101 1324 sacrificia
1121 1265 1223 1337 nosse,

224 1348 333 1427 negotii
353 1347 425 1406 nihil
453 1356 523 1405 erat
577 1345 670 1419 Vidit,
697 1365 818 1404 necesse
845 1364 909 1403 esse
933 1344 1048 1417 Miloni,
1074 1346 1222 1421 proficisci

224 1427 389 1486 Lanuvium
404 1425 453 1485 illo
466 1426 537 1502 ipso,
552 1445 609 1501 quo
620 1425 768 1502 profectus
788 1435 842 1496 est,
857 1425 923 1483 die:
945 1424 1043 1499 itaque
1057 1425 1221 1483 antevertit.

225 1508 268 1566 At
280 1527 337 1583 quo
350 1506 420 1564 diel
441 1524 498 1581 quo
513 1504 559 1583 (ut
573 1503 640 1563 ante
655 1505 729 1584 dixi)
754 1503 938 1562 insanissima
961 1503 1064 1562 concio
1078 1506 1114 1561 ab
1129 1505 1223 1579 ipsius

177 1597 212 1652 15
225 1585 406 1648 mercenario
424 1584 542 1643 tribuno
564 1584 657 1661 plebis
677 1593 722 1642 est
742 1584 906 1642 concitata:
937 1602 1024 1659 quem
1051 1584 1129 1641 diem
1158 1583 1221 1655 ille,

225 1684 313 1741 quam
333 1663 514 1736 concionem,
529 1682 600 1739 quos
623 1664 774 1737 clamores,
798 1662 855 1721 nisi
876 1663 913 1720 ad
927 1662 1084 1740 cogitatum
1104 1663 1223 1720 facinus

226 1753 437 1820 approperaret,
452 1762 601 1818 nunquam
615 1743 786 1819 reliquisset.
827 1742 907 1819 Ergo
927 1741 968 1799 illi
988 1761 1027 1800 ue
1047 1760 1136 1799 causa
1156 1741 1223 1817 qui·

225 1823 292 1881 dem
318 1822 441 1893 itineris,
468 1822 557 1879 etiam
585 1840 675 1880 causa
694 1821 851 1880 manendi:
873 1820 978 1879 Miloni
998 1821 1134 1879 manendi
1155 1821 1222 1879 nul-

224 1900 254 1959 la
273 1901 407 1974 facultas,
427 1900 554 1959 exeundi
579 1919 638 1959 non
665 1919 756 1974 causa
775 1899 878 1972 soldm,
906 1901 957 1958 sed
977 1900 1065 1958 etiam
1092 1900 1222 1958 necessi·

174 1988 211 2043 20
224 1989 270 2039 tas
290 1980 351 2042 fuit

263 2060 368 2123 Quidt
388 2059 423 2132 si,
437 2068 471 2118 ut
493 2058 542 2117 ille
565 2057 659 2131 scivit,
683 2057 824 2117 Milonem
848 2058 908 2116 fore
929 2078 965 2116 eo
984 2057 1032 2116 die
1052 2057 1082 2115 in
1102 2058 1159 2130 vid,
1174 2058 1221 2118 sic

225 2138 361 2198 Clodium
375 2138 451 2197 Milo
463 2157 501 2200 ne
514 2138 655 2215 suspicari
670 2138 786 2214 quidem
799 2133 915 2213 pot'uitl
994 2191 997 2196 .

265 2216 396 2277 Primdm
420 2237 526 2293 quaro,
554 2216 604 2293 qui
625 2218 701 2276 scire
723 2216 869 2293 potueritl
905 2215 981 2292 quod
1007 2235 1057 2275 vos
1081 2215 1158 2273 idem
1186 2215 1218 2274 in

225 2295 329 2356 clodio
342 2316 471 2372 quarere
485 2316 542 2355 non
555 2296 682 2373 potestis.
724 2296 763 2354 Ut
776 2297 855 2353 enim
878 2294 1025 2352 neminem
1048 2294 1145 2366 alium,
1160 2295 1218 2354 nisi

174 2380 211 2435 25
224 2375 264 2433 T.
287 2375 431 2444 Patiuam,
454 2374 710 2432 familiarissimum
732 2393 826 2445 suum,
854 2374 993 2452 rogitsset,
1021 2374 1096 2432 scire
1114 2375 1217 2450 potuit,

225 2453 274 2510 illo
288 2453 350 2527 ipso
363 2453 411 2510 die
424 2452 549 2509 Lanuvii
567 2451 739 2509 adictatore
762 2451 874 2511 Milone
894 2453 976 2529 prodi
1000 2453 1146 2511 flaminem
1165 2473 1218 2510 ne·

225 2550 307 2589 cesse
321 2548 393 2587 esse.
435 2529 495 2587 Sed
514 2540 597 2587 erant
618 2529 755 2606 permulti
778 2531 838 2603 alii,
853 2551 889 2590 ex
909 2532 1014 2607 quibus
1030 2532 1065 2590 id
1078 2532 1216 2590 facillime

224 2609 300 2666 scire
333 2617 445 2684 posset3
479 2627 579 2666 omnes
606 2609 719 2667 scilicet
749 2609 902 2668 Lanuvini.
956 2609 1030 2670 Milo
1057 2612 1092 2669 de
1119 2610 1217 2669 Clodii

224 2687 319 2745 reditu
342 2686 421 2745 unde
442 2688 593 2762 quesivitl
633 2687 792 2750 Quaesierit
814 2688 904 2747 sane:
925 2689 1030 2762 videte,
1054 2690 1123 2765 quid
1136 2690 1217 2748 vobis

174 2768 210 2823 30
224 2766 350 2843 largiar:
371 2784 485 2824 servum
499 2766 589 2825 etiam
604 2767 650 2845 (ut
674 2768 788 2840 Arrius,
802 2788 885 2827 meus
907 2770 1028 2841 amicus,
1046 2770 1131 2846 dixit)
1154 2789 1216 2827 cor·

224 2844 341 2922 ruperit.
392 2844 496 2922 Legite
522 2846 686 2905 testimonia
712 2848 828 2905 testium
855 2858 1021 2906 vestrorum.
1071 2848 1152 2906 Dixit
1178 2848 1213 2905 C.

224 2924 386 2996 Cossinius,
409 2935 599 3002 cognomento
627 2926 723 2997 Scola,
751 2926 943 2998 Interamnas‚
966 2926 1213 2998 familiarissimus,

224 3015 254 3063 et
268 3003 345 3062 idem
360 3023 458 3063 comes
479 3005 511 3062 P.
526 3003 633 3075 Clodii,
657 3006 754 3082 (cujus
775 3006 947 3083 jampridem
971 3006 1134 3064 testimonio
1147 3006 1214 3063 Clo-

224 3086 290 3144 dius
303 3084 405 3143 eidem
430 3084 500 3142 h'ord
523 3082 698 3141 Interamna
722 3085 825 3157 fuerat,
840 3095 869 3143 et
892 3085 1010 3165 Rome)
1032 3085 1064 3142 P.
1080 3085 1212 3142 Clodium

173 3166 209 3221 ³5
224 3165 273 3224 illo
300 3164 348 3223 dic
375 3164 405 3222 in
433 3164 550 3221 Albano
575 3180 743 3220 mansurum
770 3165 877 3235 fuisse3
905 3165 957 3223 sed
983 3162 1078 3222 subitd
1101 3164 1128 3222 ei
1150 3183 1213 3221 esse
1313 3219 1314 3230 ,

159 3261 187 3320 j
223 3245 397 3315 nuntiatum,
420 3243 530 3319 Cyrum
555 3239 745 3299 architectum
766 3262 831 3301 esse
853 3254 1014 3314 mortuum3
1042 3244 1139 3318 itaque
1152 3242 1239 3304 Ro·
1311 3263 1313 3284 ⁴

222 3340 301 3378 mam
314 3319 432 3397 repente
457 3320 640 3378 constituisse
663 3321 816 3396 proficisci.
858 3321 940 3380 Dixit
953 3324 1019 3396 hoc,
1034 3342 1131 3381 comes
1144 3322 1212 3379 item

222 3399 254 3456 P.
270 3399 377 3469 Clodii,
391 3399 426 3458 C.
442 3399 571 3457 Clodius.
811 3395 815 3404 '

261 3476 381 3535 XVIII.
422 3477 538 3549 Videte,
559 3477 683 3554 judices,
698 3488 813 3554 quantae
837 3498 883 3537 res
897 3479 942 3536 his
964 3479 1136 3539 testimoniis
1156 3478 1211 3538 sint

171 3558 207 3613 40
222 3554 370 3614 confecta.
412 3554 553 3627 Primdm,
577 3555 656 3614 certe
681 3558 819 3615 liberatur
846 3556 929 3629 Milo,
953 3578 1012 3617 non
1036 3579 1071 3619 eo
1093 3559 1212 3617 consilio

207 3634 366 3709 ‘profectus
379 3652 453 3704 esse,
467 3643 500 3690 ut
513 3633 698 3694 insidiaretur
721 3636 751 3693 in
774 3635 822 3693 vit
845 3636 949 3694 Clodio
958 3657 966 3708 ;
994 3638 1101 3716 quippe
1122 3638 1170 3713 qui
1181 3639 1210 3696 ei

220 3712 320 3771 obvius
342 3713 455 3771 futurus
475 3714 593 3772 omnino
610 3712 672 3772 'non
696 3725 766 3772 erat.
808 3714 924 3774 Deinde
942 3718 1014 3793 (non
1027 3717 1106 3776 euim
1120 3717 1209 3790 vidco,

221 3812 273 3851 cur
286 3813 344 3851 non
358 3811 454 3850 meum
469 3811 582 3868 quoque
597 3812 681 3870 agam
695 3794 857 3874 negotium)
872 3795 963 3868 scitis,
975 3797 1099 3873 judices,
1114 3796 1209 3869 fuisse,

220 3872 280 3946 qui,
294 3873 324 3930 in
338 3874 395 3931 hac
407 3872 556 3949 rogatione
570 3873 731 3945 suadendi,
755 3874 897 3947 dicerent,
911 3874 1031 3935 Milonis
1053 3894 1143 3933 manu
1157 3886 1210 3934 cae'·
