2692 4484
352 334 491 387 ‚onemo
513 335 534 384 1.
556 333 595 384 ru
617 333 648 382 1..
666 314 883 388 carminum.
1123 348 1163 406 13

81 476 89 491 '
130 480 204 539 meis
222 477 382 556 moribus):
402 485 544 535 ettamen
558 476 675 542 faciam,
701 487 735 534 ut
755 475 910 553 intelligas,
935 479 1005 555 quid
1026 482 1058 539 hi
1077 484 1113 541 de

130 571 159 618 te
179 558 313 616 sentiant.
355 555 503 632 Egredere
525 576 561 612 ex
583 556 664 626 urbe,
680 554 826 612 Catilina:
847 555 939 613 libera
959 559 1115 634 rempubli-

129 656 195 695 cam
207 647 304 693 metu:
327 635 357 693 iu
371 634 504 692 exsilium
522 633 560 709 (si
575 635 652 690 hanc
675 652 774 690 vocem
795 639 960 715 exspectas)
983 638 1115 712 proficis·

129 733 207 774 cere.
247 714 398 786 Quidest,
409 713 559 771 Catiliual
573 712 681 787 ecquid
705 712 839 783 attendis,
863 714 971 790 ecquid
983 716 1115 775 animad-

130 791 508 851 vertishorumsilentiuml
541 791 713 859 Patiuntur3
727 801 834 848 tacent.
867 792 951 855 Quid
962 805 1114 870 exspectas
1144 807 1164 860 5

131 871 333 930 auctoritatem
346 871 535 947 loquentium,
550 888 672 945 quorum
687 868 863 928 voluntatem
882 872 1037 930 tacitorum
1050 893 1114 951 per·

143 950 242 1007 ,icisl
1030 982 1034 991 =

128 970 222 1099 aplit,
237 1028 262 1086 si
276 1027 331 1086 hoe
344 1026 422 1085 idem
436 1027 506 1087 huic
521 1025 699 1085 adolescenti
712 1026 831 1101 optimo,
845 1027 878 1086 P.
894 1029 1005 1100 Sextio,
1018 1029 1044 1088 si
1058 1030 1114 1089 for·

130 1106 242 1165 tissimo
256 1107 326 1176 viro,
341 1105 383 1163 M.
399 1105 551 1176 Marcello,
566 1105 721 1175 dixissem3
741 1105 801 1181 jam
823 1106 894 1165 mihi
916 1108 1039 1180 consuli,
1054 1109 1111 1169 lroc
1157 1128 1180 1197 ‘q

130 1185 193 1260 ipso
207 1186 237 1243 iu
251 1185 369 1260 templo,
381 1183 446 1259 lure
459 1183 577 1259 optimo,
592 1188 711 1242 senatus
723 1184 781 1241 vim
796 1195 825 1241 et
843 1204 947 1244 manus
960 1187 1111 1247 intulisset.
1127 1175 1171 1249 lis

45 1290 69 1301 -
131 1262 177 1321 De
192 1276 221 1321 te
236 1273 345 1334 autem,
359 1261 498 1332 Catilina,
511 1260 579 1320 aum
590 1263 754 1338 quiescunt,
763 1265 903 1337 probant:
918 1264 986 1323 cum
1001 1267 1114 1342 patiun-

130 1352 188 1414 tur,
216 1342 396 1400 decernunt:
426 1338 495 1399 etim
521 1351 630 1411 tacent,
658 1341 806 1399 clamant:
836 1361 931 1418 neque
958 1344 987 1401 hi
1007 1346 1112 1417 solium,

52 1436 57 1446 ·
129 1439 253 1497 quorum
267 1420 321 1477 tibi
336 1420 491 1477 auctoritas
504 1431 548 1477 est
564 1419 699 1478 videlicet
712 1438 790 1490 cara,
805 1421 862 1477 vita
886 1422 1048 1493 vilissima,
1060 1424 1112 1482 sed

131 1499 220 1557 etiarn
236 1499 277 1556 illi
292 1500 403 1574 equites
417 1498 557 1570 Romani,
572 1497 768 1557 honestissimi
779 1508 863 1574 atque
873 1502 975 1577 optimi
987 1502 1048 1573 viri,
1057 1520 1114 1560 ce-

130 1577 243 1653 terique
258 1577 404 1635 fortissimi
419 1577 508 1649 cives,
523 1578 572 1653 qui
586 1579 777 1636 circumstant
788 1590 931 1652 senatum,
946 1600 1067 1656 quorum
1081 1590 1112 1637 tu
1128 1584 1163 1638 15

131 1666 162 1714 et
175 1656 366 1732 frequentiam
379 1656 487 1727 videre,
502 1667 532 1714 et
551 1657 648 1714 studia
667 1657 843 1734 perspicere,
865 1669 895 1714 et
919 1678 1006 1716 voces
1026 1659 1113 1735 paulo

132 1735 201 1793 ante
215 1735 362 1807 exaudire,
371 1736 506 1810 potuisti:
520 1754 642 1812 quorum
653 1755 709 1813 ego
719 1736 766 1793 vix
780 1736 831 1792 abs
845 1746 873 1793 te
885 1736 997 1811 jamdiu
1011 1757 1114 1797 manus

132 1832 169 1872 ao
189 1813 246 1873 tela
272 1813 427 1884 coutine03
448 1815 565 1873 eosdem
588 1814 673 1873 facile
696 1815 850 1885 adducam,
865 1825 898 1871 ut
917 1816 1035 1888 tehaec,
1049 1835 1113 1893 que

77 1938 82 1945 .
136 1890 309 1968 jampridem
331 1903 444 1951 vastare
465 1893 574 1966 studes,
594 1894 817 1968 relinquentem,
839 1913 929 1969 usque
946 1894 1150 1972 adportans

131 1981 348 2047 prosequantur.
973 1986 978 2000 ¹
1003 1973 1028 2011 ἰ
1127 1972 1165 2026 20

171 2048 227 2106 ΙΧ.
248 2049 427 2130 Quanquam
441 2049 510 2125 qnid
524 2050 645 2125 loquorl
666 2060 696 2108 te
711 2060 744 2108 ut
756 2049 817 2108 ulla
828 2069 874 2107 res
888 2050 1069 2127 frangatltu
1083 2062 1116 2110 ut

130 2147 259 2203 unquam
279 2139 308 2186 te
333 2128 481 2204 corrigasl
503 2137 535 2185 tu
556 2139 589 2186 ut
612 2129 701 2186 ullam
724 2128 824 2204 fugam
844 2129 1007 2186 mediterel
1028 2139 1060 2187 tu
1083 2141 1116 2188 ut

130 2205 221 2264 ullum
235 2207 368 2264 exsilium
382 2206 513 2280 cogitesl
553 2206 673 2264 Utinam
687 2207 741 2264 tibi
755 2206 839 2264 istam
860 2218 988 2265 mentem
1002 2207 1052 2265 Dii
1065 2208 1117 2267 im·

130 2283 267 2344 mortales
280 2283 380 2342 duintl
395 2281 508 2340 tametsi
522 2280 615 2355 video,
629 2284 664 2357 si,
679 2286 745 2342 med
758 2304 829 2345 voce
842 2286 1019 2363 perterritus,
1034 2286 1075 2344 ire
1084 2288 1115 2345 in
1265 2352 1269 2361 ¹

130 2363 266 2424 exsilium
281 2362 411 2420 animum
426 2361 584 2433 induxeris,
598 2374 708 2439 quanta
720 2375 877 2441 tempestas
891 2366 1006 2423 invidiae
1020 2366 1113 2438 nobis,
1127 2368 1164 2422 25

129 2442 155 2500 si
169 2439 267 2500 minds
281 2442 311 2499 in
332 2459 458 2516 praeseus
472 2451 595 2516 tempus,
610 2443 722 2500 receuti
741 2443 880 2503 memorid
894 2445 1038 2502 scelerum
1052 2456 1115 2503 tuo-

130 2538 205 2590 rum,
230 2529 259 2576 at
279 2520 309 2576 in
329 2518 536 2594 posteritatem,
558 2519 732 2597 impendeat.
783 2523 842 2580 Sed
867 2536 912 2583 est
935 2523 1007 2580 mihi
1027 2524 1112 2596 tanti,
1146 2584 1153 2605 k

129 2597 286 2656 dummodo
299 2598 355 2656 ista
367 2597 478 2674 privata
488 2599 526 2657 sit
540 2599 701 2672 calamitas,
716 2611 745 2659 et
763 2621 780 2659 a
793 2602 961 2678 reipublicae
974 2602 1113 2677 periculis
1152 2608 1159 2629 ¹

130 2677 307 2755 sejungatur.
349 2678 419 2748 Sed,
427 2686 460 2734 tu
474 2689 506 2734 ut
519 2679 596 2735 vitiis
609 2680 667 2738 tuis
682 2691 934 2751 commorassent
947 2680 1044 2758 legum
1053 2701 1113 2757 poe·

129 2775 183 2814 nas
196 2757 395 2832 pertimescas,
410 2767 441 2813 ut
454 2758 633 2832 temporibus
646 2758 817 2835 reipublicae
829 2760 984 2830 concedas,
996 2778 1055 2827 non
1068 2769 1114 2818 est
1123 2759 1163 2814 ⁷30

129 2837 352 2911 postulandum:
372 2837 559 2911 nequeenim
575 2837 599 2894 is
613 2857 655 2909 es,
669 2838 809 2908 Catilina,
824 2849 856 2895 ut
868 2848 898 2895 te
920 2849 970 2896 aut
989 2840 1081 2914 pudor
1096 2859 1114 2896 a

130 2915 318 2990 turpitudine,
331 2925 484 2973 autmetus
496 2916 661 2991 epericulo,
672 2928 722 2974 aut
732 2917 805 2974 ratio
820 2917 949 2988 afurore,
960 2917 1111 2976 revocdrit.

169 2992 381 3064 Quamobrem,
397 2992 445 3070 (ut
458 3013 535 3068 saepe
546 2994 606 3070 jam
621 2995 695 3075 dixi)
706 2995 906 3071 proficiscere:
923 3015 969 3067 ac,
983 2996 1008 3054 si
1028 2997 1110 3069 mihi,

130 3071 251 3129 inimico
267 3069 313 3145 (ut
325 3072 481 3150 praedicas)
491 3083 551 3144 tuo,
561 3074 689 3132 conflare
703 3075 746 3131 vis
760 3073 898 3131 invidiam
911 3095 919 3144 ;
934 3073 1016 3133 recta
1025 3093 1112 3152 perge

130 3149 161 3208 in
175 3151 320 3209 exsilium.
361 3149 420 3207 Vix
433 3150 524 3207 feram
548 3171 695 3210 sermones
720 3154 881 3224 hominum,
895 3153 920 3210 si
941 3154 971 3210 id
992 3153 1112 3211 seceris:
1126 3159 1162 3214 35

130 3230 177 3288 vix
191 3229 297 3287 molem
311 3228 395 3285 istius
408 3227 534 3299 invidia,
549 3229 574 3287 si
588 3231 619 3287 in
632 3232 765 3289 exsilium
780 3231 848 3289 ieris
870 3232 954 3307 jussu
976 3231 1112 3304 consulis,
1188 3294 1192 3299 ,
1212 3288 1221 3307 ,

129 3308 286 3366 sustinebo.
329 3307 383 3366 Sin
399 3317 497 3365 autem
521 3309 628 3366 servire
648 3329 721 3367 mem
742 3310 821 3368 laudi
842 3320 872 3366 et
891 3310 990 3387 gloriae
1010 3310 1110 3383 mavis,

129 3388 267 3462 egredere
281 3405 349 3445 cum
370 3386 760 3464 importuudlsceleratcrum
774 3408 881 3459 mauu;
905 3388 1003 3447 confer
1024 3398 1053 3446 te
1074 3390 1110 3447 ad

129 3463 273 3524 Manlium
286 3486 293 3536 ;
315 3465 433 3524 concita
445 3465 572 3541 perditos
586 3466 682 3536 cives;
704 3487 824 3526 secerne
838 3478 867 3525 te
882 3487 899 3525 a
913 3469 1014 3538 bonis;
1036 3468 1110 3527 insat

39 3603 43 3612 ,
129 3546 227 3620 patriae
243 3545 348 3603 bellum
361 3564 368 3614 ;
390 3543 503 3602 exsulta
516 3543 604 3620 impio
618 3544 779 3618 latrocinio,
790 3558 821 3604 ut
836 3566 913 3605 ame
927 3556 986 3604 non
999 3546 1110 3622 ejectus
1123 3553 1160 3607 40

130 3624 166 3680 ad
181 3625 300 3693 alienos,
314 3623 365 3681 sed
379 3623 517 3681 invitatus
532 3624 567 3680 ad
581 3635 656 3696 tuos,
671 3623 729 3682 isse
743 3626 877 3683 videaris.

167 3702 346 3778 Quanquam
359 3702 429 3779 quid
443 3721 498 3779 ego
520 3711 548 3759 te
569 3701 711 3761 inviteml
733 3723 751 3762 a
773 3724 830 3780 quo
850 3704 912 3780 jam
933 3703 1025 3760 sciam
1045 3722 1110 3762 esse

131 3782 301 3856 praemissos,
315 3781 365 3858 qui
378 3781 432 3840 tibi
441 3781 477 3838 ad
492 3779 600 3839 Forum
615 3782 769 3839 Aurelium
779 3783 1011 3858 prestolarentur
1020 3800 1111 3839 arma·

123 3859 169 3927 ¹ti;
190 3860 280 3918 sciam
294 3872 409 3995 pacta2m
423 3871 454 3918 et
467 3859 655 3919 constitutam
668 3879 733 3919 esse
753 3879 822 3918 cum
843 3859 956 3919 Manlio
977 3860 1071 3917 diem:
1093 3875 1111 3914 a
1167 3904 1170 3910 .
