2692 4484
140 273 198 334 140
450 270 588 322 ORATlO
609 270 648 321 IN
670 270 709 321 M.
731 268 937 321 summum.

186 413 311 476 simcdd
333 415 553 487 hominessunt,
578 414 724 474 interdum
747 412 852 473 animis
874 413 1048 474 relaxantur.
1088 414 1190 478 Quod

187 504 287 554 autem
312 494 390 553 idem
409 493 576 553 moenitiam
606 512 703 552 meam
732 493 928 570 reprehendit,
956 492 1034 552 idem
1061 494 1164 572 jocum
1176 516 1187 567 ;

307 583 476 651 argumento
488 583 542 645 est,
556 592 604 631 me
618 572 648 631 in
662 582 783 647 utroque
796 571 886 631 fuisse
899 572 1087 632 moderatum.

186 592 421 712 iri-[gadim
433 652 506 710 mibi
524 652 638 729 negdsti
661 650 769 710 venire.
809 650 930 710 Utinam
952 651 1008 710 hoc
1031 662 1115 710 tuum
1136 672 1187 712 ve-

153 730 372 800 srumcrimen
385 733 480 790 essetl
501 730 599 807 plures
620 730 708 789 amici
728 728 786 789 mei
809 740 839 789 et
861 730 1020 790 necessarii
1042 731 1184 792 viverent.

187 811 248 870 Sed
261 808 311 886 qui
324 810 401 869 istuc
413 810 467 869 tibi
490 809 569 868 venit
592 809 622 868 in
646 810 795 869 menteml
816 810 964 888 egoenim
982 810 1105 887 amplius
1126 811 1184 870 IIS

186 888 339 948 ducenties
371 899 525 966 acceptum
558 888 775 948 hereditatibus
803 888 899 948 retuli.
938 888 1120 965 Quanquam
1151 890 1184 950 in

186 968 244 1027 hoc
265 986 373 1047 genere
393 968 484 1027 fateor
504 967 663 1027 feliciorem
686 987 751 1027 esse
763 978 801 1026 te.
843 967 895 1027 hle
914 987 1011 1041 nemo,
1032 967 1089 1026 nisi
1109 969 1183 1027 ami-

187 1066 250 1120 cus,
271 1047 341 1107 fecit
367 1046 522 1121 heredem,
550 1057 591 1120 ut,
615 1066 683 1106 cum
704 1046 754 1106 illo
774 1048 934 1120 commodo,
955 1047 980 1106 si
1010 1048 1181 1123 quoderat,

137 1121 174 1177 1⁰
187 1126 278 1185 animi
291 1126 409 1204 quidam
423 1128 502 1187 dolor
512 1126 702 1205 jungeretur:
722 1136 752 1185 te
775 1125 810 1198 is,
824 1145 911 1202 quem
934 1137 966 1185 tu
989 1126 1086 1185 nidisti
1105 1148 1182 1186 nun·
1215 1165 1219 1170 -
1331 1165 1332 1174 .

187 1223 284 1280 quam,
308 1205 343 1265 1.
367 1206 499 1266 Rubrius
521 1205 670 1278 Cassinas,
698 1205 769 1265 lecit
798 1206 952 1265 heredem.
993 1205 1033 1264 Et
1062 1206 1179 1281 quidem

186 1285 263 1357 ride,
277 1283 365 1361 quam
387 1300 417 1345 te
441 1284 546 1344 amirit
568 1284 603 1356 is,
618 1285 678 1361 qui,
693 1284 776 1344 albus
795 1295 894 1344 aterve
917 1284 1017 1357 ¹fueris,
1032 1285 1179 1362 ignorans,

187 1363 283 1422 fratris
295 1364 387 1422 hlium
398 1365 555 1441 preteriit3
575 1364 617 1427 Q.
631 1365 725 1436 Furii,
739 1363 933 1424 honestissimi
953 1364 1058 1440 equitis
1070 1364 1180 1425 Roma·

185 1442 228 1515 ni,
241 1443 344 1520 suique
358 1443 536 1517 amicissimi,
550 1462 637 1520 quem
649 1442 748 1521 paldm
772 1444 916 1503 heredem
930 1462 1042 1520 semper
1063 1443 1179 1503 factitii·

138 1530 173 1585 15
186 1531 241 1594 rat,
254 1541 293 1581 ne
305 1542 410 1582 nomeu
424 1522 541 1599 quidem
554 1522 739 1601 perscripsit;
760 1532 799 1595 te,
823 1541 910 1599 quem
932 1542 1080 1600 nunquam
1101 1523 1180 1583 vide·

185 1610 241 1674 rat,
262 1619 298 1660 ac
317 1620 466 1678 nunquam
489 1602 673 1675 salutaverat,
701 1601 771 1661 fecit
793 1602 948 1661 haeredem.
988 1602 1086 1660 Velim
1105 1603 1179 1662 mihi

186 1680 278 1754 dicas,
291 1680 349 1740 nisi
362 1681 514 1741 molestum
537 1691 591 1754 est,
612 1681 647 1740 1.
661 1681 816 1740 Turselius
829 1683 886 1758 qua
910 1680 986 1740 faeie
1004 1681 1099 1755 fuerit,
1120 1685 1178 1758 qud

186 1760 307 1833 staturi,
321 1779 379 1836 quo
399 1760 569 1839 municipio,
583 1760 641 1836 qud
653 1759 741 1820 tribu.
781 1759 865 1820 Nihil
885 1760 956 1833 scio,
977 1760 1100 1836 inquies,
1120 1761 1179 1821 nisi

186 1856 251 1913 quae
263 1839 372 1915 praedia
384 1840 527 1899 habuerit.
569 1839 673 1918 Igitur,
688 1839 805 1900 fratrem
829 1840 1026 1912 exheredans,
1040 1849 1069 1899 te
1089 1840 1179 1899 faeie·

135 1920 172 1977 w
187 1916 236 1998 bat
249 1918 402 1977 haeredem.
444 1918 480 1978 In
494 1918 600 1977 multas
621 1929 762 1997 praeterea
783 1919 924 1996 pecunias
938 1918 1177 1978 alienissimorum

186 1995 345 2070 hominum,
365 1997 466 2075 ejectis
488 1998 563 2057 veris
585 1998 758 2071 heredibus,
772 2008 910 2075 tanquam
923 1999 1016 2057 heres
1029 2009 1113 2071 esset,
1134 1998 1178 2058 in·

186 2076 268 2135 rasit
308 2078 487 2154 Quanquam
500 2078 556 2137 hoc
579 2075 706 2137 maxime
731 2077 889 2137 admiratus
910 2097 986 2150 sum,
1000 2078 1176 2137 mentionem

185 2164 216 2213 te
238 2156 439 2216 hereditatum
463 2176 566 2216 ausum
589 2176 653 2216 esse
677 2157 783 2230 iacere,
807 2155 877 2216 edm
897 2157 959 2233 ipse
979 2158 1174 2216 haereditatem

185 2232 275 2310 patris
287 2255 346 2295 non
360 2235 478 2295 adisses.

134 2314 171 2367 25
224 2312 327 2374 XVII.
348 2316 424 2374 Haeo
437 2326 470 2373 ut
483 2314 643 2394 colligeres,
667 2316 753 2375 homo
776 2314 981 2388 amentissime,
1001 2325 1043 2376 tot
1062 2316 1124 2375 dies
1143 2316 1174 2375 in
1201 2369 1203 2373 .

186 2390 282 2451 aliens
296 2394 363 2452 villa
376 2394 568 2453 declamistil
589 2414 754 2472 quanquam
768 2405 800 2454 tu
814 2396 940 2472 quidem,
965 2395 1012 2474 (ut
1031 2396 1074 2453 tui
1094 2395 1176 2454 sami·

184 2469 331 2530 liarissimi
360 2472 509 2554 dictitam)
540 2473 600 2532 vini
623 2474 787 2548 exhalandi,
817 2495 876 2534 non
905 2471 1016 2552 ingenii
1040 2476 1173 2548 acuendi,

185 2549 285 2620 causa,
299 2549 478 2609 declamitas.
519 2550 559 2615 Et
572 2551 640 2612 verd
656 2554 786 2627 adhibes,
798 2553 857 2631 joci
880 2554 980 2627 causa,
994 2554 1173 2632 magistrum,

184 2626 321 2705 suffragio
333 2637 384 2686 tuo
396 2639 427 2688 et
449 2641 645 2707 compotorum
664 2641 789 2707 tuorum,
804 2635 962 2704 rhetorem3
984 2634 1033 2692 oui
1057 2654 1174 2694 conces-

109 2715 171 2771 ω
185 2705 257 2778 sisti,
278 2706 361 2766 utin
380 2718 420 2782 te,
441 2728 505 2785 que
525 2711 621 2783 vellet,
642 2711 762 2772 diceret.
803 2713 919 2771 Salsum
945 2713 1062 2773 omnino
1085 2712 1174 2772 homi-

184 2785 270 2844 nem!
292 2787 344 2845 sed
364 2788 487 2847 materia
506 2787 601 2855 facilis
613 2800 667 2863 est,
682 2791 713 2849 in
736 2801 766 2851 te
779 2802 809 2850 et
832 2792 863 2851 in
882 2802 946 2851 tuos
966 2792 1046 2851 dieta
1064 2792 1171 2851 dicere.

184 2863 261 2923 Vide
276 2876 383 2940 autem,
397 2866 466 2943 quid
480 2867 555 2933 inter
568 2873 641 2931 tc'et
664 2889 750 2928 avum
773 2881 855 2930 tuum
873 2870 993 2930 intersit.
1034 2871 1088 2930 Ille
1107 2891 1173 2930 seu·

117 2961 121 2966 ·
183 2942 239 3001 sim
252 2944 379 3020 dicebat,
393 2947 469 3023 quod
483 2966 579 3006 cause
591 2948 759 3025 prodesset;
779 2961 812 3010 tu
833 2950 940 3010 cursim
961 2950 1035 3010 dicis
1049 2951 1151 3009 aliena.

222 3025 265 3084 At
278 3036 386 3101 quauta
399 3046 511 3086 merces
533 3027 640 3091 rhetori
663 3028 745 3088 data·
755 3032 820 3088 estl
861 3029 982 3103 Audite,
997 3030 1104 3104 audite,
1118 3029 1172 3088 Pa·

131 3107 168 3163 35
182 3112 242 3163 tres
270 3105 452 3183 Conscripti;
483 3117 513 3166 et
542 3106 709 3185 cognoscite
738 3109 907 3185 reipublicae
936 3110 1064 3168 vulnera
1105 3109 1172 3169 Duo

182 3184 274 3244 millia
290 3184 426 3266 jugerum
446 3184 542 3265 campi
571 3186 708 3248 Leontini
734 3189 801 3247 Sere
825 3188 929 3247 Clodio
949 3188 1056 3248 rhetori
1084 3189 1171 3266 assig-

181 3264 268 3337 nisti,
282 3276 313 3324 et
331 3266 449 3344 quidem
471 3266 622 3341 immunia,
636 3278 678 3340 ut,
698 3268 850 3344 protana
870 3268 1015 3340 mercede,
1035 3268 1107 3326 nihil
1128 3288 1172 3325 sa-

180 3359 250 3430 pere
264 3343 401 3404 disceres.
442 3344 523 3404 Num
544 3347 632 3406 etiam
653 3349 719 3420 hoc,
733 3348 818 3407 homo
832 3347 1034 3418 audacissime,
1049 3366 1086 3405 ex
1106 3347 1171 3405 Cre-

181 3436 254 3476 sarrs
273 3423 510 3496 commentariisl
558 3425 617 3483 Sed
645 3426 742 3484 dicam
763 3427 820 3486 alio
838 3428 902 3486 loco
921 3436 951 3486 et
971 3427 1008 3485 de
1028 3425 1171 3485 Leontino

130 3496 167 3551 ⁴0
182 3514 254 3586 agro
270 3507 301 3557 et
320 3500 357 3557 de
377 3501 546 3575 Campan03
576 3522 648 3579 quos
667 3504 722 3562 iste
743 3523 836 3582 agros,
860 3515 972 3583 ereptos
992 3504 1169 3581 reipublice,

179 3574 351 3666 tufplssimis
379 3580 588 3667 possessoribus
617 3579 786 3655 inquinavit.
827 3585 895 3643 Jam
924 3584 1013 3657 enim,
1034 3584 1170 3660 quoniam

179 3653 352 3714 criminibus
365 3673 428 3732 ejus
441 3656 511 3714 satis
524 3658 667 3734 respondi,
683 3660 720 3718 de
734 3660 795 3737 ipso
809 3665 994 3723 emendatore
1007 3673 1038 3722 et
1057 3684 1171 3723 correo-

179 3744 241 3794 tore
259 3745 357 3795 nostro
376 3734 509 3809 quedam
528 3734 655 3796 dicenda
673 3750 758 3798 sunt:
787 3759 843 3801 nco
863 3743 940 3801 enirn
961 3743 1060 3803 omnia
1080 3744 1171 3803 effun-
