2692 4484
397 325 534 377 osamo
555 325 594 398 ru
615 327 653 374 u.
676 317 882 375 Ausonium.
1124 311 1181 382 lab

106 540 109 546 ,
182 471 293 530 XLIV.
315 470 404 528 Hunc
415 490 506 529 unum
517 467 605 541 diem,
616 469 697 526 hunc
708 486 811 538 unum,
823 467 951 542 inquam,
964 464 1135 523 hodiernum

142 552 232 620 diem,
247 552 302 607 hoc
320 560 461 625 puuctum
482 548 628 624 temporis,
648 567 706 623 quo
725 547 835 621 loquor,
850 546 985 616 defende,
1000 544 1025 601 si
1045 556 1134 620 potes.

143 630 207 687 Cur
220 639 392 686 armatorum
412 628 520 687 corond
534 636 652 684 senatus
672 636 770 701 septus
783 626 847 681 estl
868 644 920 683 cur
934 643 980 681 me
995 623 1038 680 tui
1053 623 1137 681 satel-

143 707 209 765 lites
221 727 287 764 cum
302 707 407 783 gladiis
421 706 563 765 audiuntl
588 723 640 760 cur
654 704 743 761 valva
758 704 929 760 Concordiae
942 722 1001 760 non
1015 703 1135 777 patentl

38 845 41 850 ,
143 806 195 843 our
215 786 348 843 homines
366 786 496 843 omnium
518 782 648 860 gentium
670 780 796 838 maxime
819 782 964 852 barbaros,
985 781 1133 856 Ithyraeos,
1166 778 1184 831 5

143 883 209 922 cum
224 864 338 940 sagittis
350 863 473 921 deducis
486 863 517 918 in
531 861 648 918 foruml
689 859 819 917 Praesidii
833 860 877 917 sui
889 859 978 919 causti
991 878 1022 917 se
1036 860 1134 919 facere

80 961 86 968 ·
142 942 222 1000 dicit.
264 941 373 1000 Nonne
395 940 482 1016 igitur
504 938 608 995 millies
629 937 722 1011 perire
744 947 788 994 est
808 937 921 1010 melius,
935 936 1021 1013 quam
1035 938 1066 997 in
1080 939 1135 997 sut

142 1021 272 1092 civitate,
294 1019 358 1078 sine
379 1027 553 1074 armatorum
573 1014 716 1091 presidio,
737 1035 795 1073 non
817 1034 901 1091 posse
919 1016 1033 1074 viveret
1075 1018 1152 1075 Sed*

143 1100 258 1157 nullum
285 1107 330 1154 est
362 1096 468 1165 isthuc,
495 1094 566 1151 mihi
593 1094 690 1165 crede,
722 1095 896 1170 praesidium.
951 1093 1079 1153 Caritate
1105 1106 1135 1154 et

145 1174 349 1235 benevolentis
362 1173 469 1231 civium
484 1183 595 1249 septum
608 1183 720 1247 oportet
733 1192 806 1243 esse,
821 1192 879 1231 nou
895 1172 990 1231 armis.
1150 1165 1185 1219 1⁰

186 1254 309 1329 Eripiet,
331 1253 510 1328 extorquebit
531 1250 583 1308 tibi
605 1251 660 1308 ista
686 1252 807 1327 populus
834 1251 997 1324 Romanus,
1025 1251 1135 1310 utinam

147 1333 235 1390 salvis
248 1331 346 1389 nobis!
369 1332 429 1402 sed,
452 1349 565 1406 quoquo
585 1330 671 1387 modo
693 1330 844 1387 nobiscum
865 1330 969 1406 egeris,
990 1331 1060 1388 dum
1073 1331 1136 1389 istis

147 1411 278 1469 consiliis
291 1409 389 1477 uteris,
404 1428 461 1468 non
474 1419 556 1485 potes
571 1408 657 1486 (mihi
673 1409 774 1487 crede)
789 1427 853 1465 esse
866 1409 1027 1467 diuturnus.
1068 1410 1137 1467 Ete-

147 1491 208 1548 nim
223 1490 278 1546 ista
291 1499 341 1547 tua
353 1487 472 1546 minime
487 1506 572 1546 avara
585 1487 693 1563 conjux
707 1484 806 1564 (quam
819 1506 873 1564 ego
883 1487 946 1546 sinc
960 1488 1137 1552 contumelia

146 1568 294 1643 describo)
310 1564 432 1625 nimium
455 1567 542 1624 debet
562 1566 613 1624 diu
625 1566 731 1643 populo
753 1566 889 1624 Romano
902 1568 1068 1642 pensionem
1082 1564 1186 1625 ter-15

146 1647 225 1704 tiam.
268 1646 367 1704 Habet
377 1646 498 1724 populus
509 1645 673 1716 Romanus,
686 1645 722 1701 ad
733 1664 804 1720 quos
817 1644 1016 1722 gubernacula
1025 1646 1139 1721 reipub·

146 1726 210 1783 lioae
234 1726 360 1784 deserat:
391 1726 440 1802 qui
464 1725 630 1800 ubicunque
654 1734 795 1781 terrarum
820 1733 897 1793 suut,
922 1723 962 1781 ibi
986 1734 1030 1783 cst
1052 1743 1138 1782 omne

147 1805 313 1881 reipublicae
339 1805 515 1881 presidium,
540 1804 585 1861 vel
611 1800 708 1879 potiris
734 1802 799 1878 ipsa
823 1803 996 1879 respublica,
1021 1822 1086 1879 quae
1106 1822 1138 1861 se

148 1884 244 1941 adhuc
267 1885 466 1943 tantummodo
486 1883 548 1940 ulta
567 1892 621 1948 est,
647 1882 775 1939 nondum
797 1882 986 1958 recuperavit
1040 1882 1139 1940 Habet

147 1962 263 2037 quidem
285 1961 363 2020 certe
385 1962 549 2057 respublica
576 1961 774 2018 adolescentes
801 1960 1004 2032 nobilissimos,
1024 1970 1139 2036 paratos
1152 1959 1188 2013 20

149 2041 320 2098 defensores.
375 2040 477 2102 Quam
503 2040 611 2110 volent,
638 2039 680 2096 illi
707 2039 823 2110 cedant,
848 2038 908 2098 otio
935 2039 1138 2110 consulentes;
1185 2103 1189 2108 ¹

149 2130 244 2177 tamen
270 2139 287 2176 a
310 2119 461 2195 republica
484 2117 705 2176 revocabuntur.
755 2117 794 2176 Et
817 2136 924 2176 nomeu
949 2117 1032 2195 pacis
1055 2117 1140 2175 dulce

148 2208 202 2267 est,
229 2207 260 2254 et
287 2197 348 2273 ipsa
371 2216 418 2254 res
441 2196 590 2254 salutaris:
621 2197 673 2253 sed
697 2195 772 2254 inter
795 2215 899 2273 pacem
921 2206 951 2255 et
973 2196 1139 2255 servitutem

148 2276 304 2353 plurimum
331 2276 479 2333 interest.‘
512 2275 574 2333 Pax
600 2285 645 2334 est
670 2276 825 2352 tranquilla
850 2276 985 2347 libertas;
1019 2276 1140 2334 servitus
1184 2307 1186 2310 v

125 2355 290 2414 'malorum
310 2354 439 2413 omnium
460 2365 647 2432 postremum,
669 2373 729 2412 nou
751 2351 837 2413 modo
865 2355 950 2427 bello,
974 2355 1026 2413 sed
1050 2364 1141 2413 morte
1155 2350 1191 2403 2⁵

99 2449 103 2455 ·
148 2434 248 2505 etiam,
261 2434 465 2509 repellendum.

187 2510 280 2576 Quod
294 2513 319 2570 si
339 2533 370 2570 se
384 2513 460 2589 ipsos
474 2512 514 2571 illi
536 2512 627 2571 nostri
648 2512 818 2571 liberatores
839 2531 856 2570 e
870 2523 1030 2589 conspectu
1043 2522 1141 2571 nostro

149 2591 344 2661 abstulerunt3
366 2604 395 2650 at
405 2592 567 2668 exemplum
578 2591 648 2649 sacti
662 2592 848 2667 reliquerunt.
889 2592 946 2663 Illi,
961 2591 1036 2668 quod
1051 2609 1139 2649 nemo

149 2671 267 2743 fecerat,
283 2672 421 2728 fecerunt.
473 2671 667 2747 Tarquinium
688 2671 795 2731 Brutus
809 2671 884 2729 bello
896 2684 941 2729 est
953 2680 1139 2747 persecutus;

146 2750 197 2825 qui
223 2761 285 2807 tum
306 2769 357 2807 rex
378 2747 525 2821 suit,ci1m
547 2770 611 2808 esse
632 2749 740 2808 Romae
760 2769 857 2825 regem
878 2750 992 2809 licebat.
1043 2749 1140 2825 Spurii
1155 2755 1192 2808 30

148 2829 268 2887 Cassius
289 2839 318 2886 et
340 2827 457 2900 Melius,
479 2828 522 2887 M.
545 2829 685 2898 Manlius,
705 2838 820 2905 propter
842 2829 1035 2906 suspicionem
1057 2828 1141 2905 regni

149 2908 313 2984 appetendi,
325 2918 392 2965 sunt
403 2908 510 2982 necati.
552 2908 593 2966 Hi
603 2907 690 2985 primi
702 2927 769 2965 cum
781 2907 894 2985 gladiis,
906 2927 964 2965 nou
977 2907 1006 2964 in
1018 2926 1140 2983 regnum

149 2997 342 3064 appetentem,
352 2987 402 3044 sed
415 2987 444 3044 in
456 2998 636 3064 regnantem,
648 2986 788 3063 impetum
799 2986 940 3044 fecerunt.
973 2986 1063 3048 Quod
1073 2985 1142 3043 cum

150 3067 244 3141 ipsum
258 3065 368 3122 factum
389 3085 439 3139 per
461 3085 492 3122 se
515 3066 686 3142 preclarum
709 3075 793 3142 atque
808 3065 938 3122 divinum
952 3075 1006 3137 est,
1020 3076 1082 3122 tum
1095 3084 1143 3122 ex·

148 3145 275 3219 positum
284 3144 320 3200 ad
332 3144 520 3214 imitandum
540 3143 699 3223 presertim
710 3141 778 3202 crim
789 3144 830 3202 illi
841 3163 906 3202 eam
915 3144 1036 3220 gloriam
1045 3163 1143 3201 conse·
1157 3147 1206 3202 35»
1240 3157 1251 3168 ·

150 3223 212 3281 cuti
226 3222 293 3293 sint,
304 3242 368 3298 quae
380 3224 427 3280 vix
438 3223 512 3281 c'oelo
523 3223 589 3300 capi
598 3242 683 3299 posse
694 3223 834 3281 videatur.
868 3222 933 3280 Etsi
944 3222 1022 3281 enim
1034 3223 1102 3279 satis
1113 3222 1143 3279 in

150 3302 214 3384 ipsa
227 3301 408 3360 conscientia
420 3302 608 3379 pulcherrimi
625 3302 695 3360 sacti
709 3302 820 3360 sructris
834 3311 906 3372 erat,
920 3312 1017 3360 tamen
1031 3301 1143 3359 mortali

149 3381 392 3440 immortalitatem
407 3401 465 3439 non
481 3382 601 3439 arbitror
614 3384 865 3455 contemnendam.
944 3382 948 3390 '

188 3460 282 3519 XLV.
304 3459 475 3519 Recordare
484 3460 571 3538 igitur
579 3461 670 3533 illum,
681 3461 851 3533 M.Antoni,
861 3461 1011 3536 diem,quo
1019 3461 1142 3519 dictatu·

150 3559 212 3597 ram
226 3540 374 3598 sustulisti.
418 3540 498 3598 Pone
514 3551 580 3598 ante
593 3541 694 3598 oculos
714 3541 844 3599 laetitiam
857 3540 974 3599 senatris
987 3541 1142 3618 populique
1157 3540 1193 3594 to

151 3618 295 3677 Romani:
326 3619 426 3677 confer
448 3639 516 3678 cum
544 3620 755 3678 nundinatione
782 3620 833 3678 tud
859 3630 1047 3696 tuorumque:
1080 3630 1143 3677 tum

151 3698 305 3774 intelliges,
325 3709 465 3775 quantum
486 3699 561 3757 inter
584 3700 701 3757 laudem
725 3711 754 3757 et
774 3700 887 3758 lucrum
908 3700 1029 3758 intersit.
1072 3696 1143 3765 Sed,

152 3778 298 3847 nimirum,
312 3794 343 3835 ut
356 3778 473 3853 qnidam
489 3778 603 3852 (morbo
618 3779 723 3855 aliquo,
737 3789 767 3837 et
791 3779 895 3837 sensds
909 3777 1038 3854 stupore)
1051 3773 1144 3831 suari·

151 3866 239 3914 tatem
254 3856 312 3913 cibi
326 3876 384 3914 non
398 3857 543 3926 sentiunt3
566 3858 609 3915 sic
623 3858 780 3928 libidinosi,
793 3858 882 3927 avari,
893 3852 1058 3921 facinorosi,
1069 3869 1144 3906 verm

152 3936 246 4007 laudis
259 3948 404 4025 gurstatum
420 3956 476 4007 uon
492 3937 609 4007 habeut.
639 3934 710 4015 Sed,
725 3936 789 4028 site
803 3936 867 4003 laus
882 3932 998 4001 allicere
1014 3929 1049 3986 ad
1064 3925 1144 3984 recte
1159 3918 1195 3972 45
