<?xml version="1.0" encoding="UTF-8"?>
<!DOCTYPE html PUBLIC "-//W3C//DTD XHTML 1.0 Transitional//EN"
    "http://www.w3.org/TR/xhtml1/DTD/xhtml1-transitional.dtd">
<html xmlns="http://www.w3.org/1999/xhtml" xml:lang="en" lang="en">
 <head>
  <title>
</title>
<meta http-equiv="Content-Type" content="text/html;charset=utf-8" />
  <meta name='ocr-system' content='tesseract 3.04.00' />
  <meta name='ocr-capabilities' content='ocr_page ocr_carea ocr_par ocr_line ocrx_word'/>
</head>
<body>
  <div class='ocr_page' id='page_1' title='image "./orationesqudams02cicegoog_0036.png"; bbox 0 0 2692 4484; ppageno 0'>
   <div class='ocr_carea' id='block_1_1' title="bbox 322 208 1198 294">
    <p class='ocr_par' dir='ltr' id='par_1_1' title="bbox 322 208 1198 294">
     <span class='ocr_line' id='line_1_1' title="bbox 322 208 1198 294; baseline 0 -18"><span class='ocrx_word' id='word_1_1' title='bbox 322 208 350 247; x_wconf 63' lang='lat'><em>³</em></span> <span class='ocrx_word' id='word_1_2' title='bbox 383 226 518 277; x_wconf 76' lang='lat' dir='ltr'>carrio</span> <span class='ocrx_word' id='word_1_3' title='bbox 539 227 589 277; x_wconf 90' lang='lat'>111.</span> <span class='ocrx_word' id='word_1_4' title='bbox 611 226 649 277; x_wconf 84' lang='grc' dir='ltr'>ιιι</span> <span class='ocrx_word' id='word_1_5' title='bbox 672 227 704 276; x_wconf 81' lang='grc' dir='ltr'>ι,</span> <span class='ocrx_word' id='word_1_6' title='bbox 726 227 940 278; x_wconf 74' lang='lat' dir='ltr'>camurana.</span> <span class='ocrx_word' id='word_1_7' title='bbox 1163 237 1198 294; x_wconf 77' lang='lat'>31</span> 
     </span>
    </p>
   </div>
   <div class='ocr_carea' id='block_1_2' title="bbox 72 345 1249 3820">
    <p class='ocr_par' dir='ltr' id='par_1_2' title="bbox 89 345 1249 2230">
     <span class='ocr_line' id='line_1_2' title="bbox 210 345 1156 465; baseline 0.002 -36"><span class='ocrx_word' id='word_1_8' title='bbox 210 370 297 429; x_wconf 88' lang='lat' dir='ltr'>VIII</span> <span class='ocrx_word' id='word_1_9' title='bbox 335 345 514 444; x_wconf 74' lang='lat' dir='ltr'><strong>Quanquam</strong></span> <span class='ocrx_word' id='word_1_10' title='bbox 527 371 591 428; x_wconf 77' lang='lat' dir='ltr'>hae‘c</span> <span class='ocrx_word' id='word_1_11' title='bbox 603 371 711 441; x_wconf 90' lang='lat' dir='ltr'>omnia,</span> <span class='ocrx_word' id='word_1_12' title='bbox 724 369 843 430; x_wconf 74' lang='lat' dir='ltr'>Quirite</span> <span class='ocrx_word' id='word_1_13' title='bbox 859 370 924 465; x_wconf 90' lang='lat' dir='ltr'>ita</span> <span class='ocrx_word' id='word_1_14' title='bbox 937 379 1004 428; x_wconf 89' lang='lat' dir='ltr'>sunt</span> <span class='ocrx_word' id='word_1_15' title='bbox 1018 389 1036 426; x_wconf 90' lang='lat' dir='ltr'>a</span> <span class='ocrx_word' id='word_1_16' title='bbox 1047 391 1094 429; x_wconf 90' lang='lat' dir='ltr'>me</span> <span class='ocrx_word' id='word_1_17' title='bbox 1107 374 1156 431; x_wconf 87' lang='lat' dir='ltr'>ad-</span> 
     </span>
     <span class='ocr_line' id='line_1_3' title="bbox 171 388 1174 527; baseline -0.002 -18"><span class='ocrx_word' id='word_1_18' title='bbox 171 451 341 519; x_wconf 88' lang='lat' dir='ltr'>ministrata,</span> <span class='ocrx_word' id='word_1_19' title='bbox 354 458 387 506; x_wconf 89' lang='lat' dir='ltr'>ut</span> <span class='ocrx_word' id='word_1_20' title='bbox 404 448 532 507; x_wconf 85' lang='lat' dir='ltr'>Deorum</span> <span class='ocrx_word' id='word_1_21' title='bbox 555 415 760 506; x_wconf 83' lang='lat' dir='ltr'>immortalium</span> <span class='ocrx_word' id='word_1_22' title='bbox 780 388 965 524; x_wconf 59' lang='lat' dir='ltr'>illiciatque</span> <span class='ocrx_word' id='word_1_23' title='bbox 989 450 1109 507; x_wconf 90' lang='lat' dir='ltr'>consilio</span> <span class='ocrx_word' id='word_1_24' title='bbox 1127 461 1174 527; x_wconf 55' lang='lat' dir='ltr'>ets</span> 
     </span>
     <span class='ocr_line' id='line_1_4' title="bbox 170 526 1249 607; baseline -0.001 -20"><span class='ocrx_word' id='word_1_25' title='bbox 170 540 251 607; x_wconf 86' lang='lat' dir='ltr'>gesta</span> <span class='ocrx_word' id='word_1_26' title='bbox 264 537 293 585; x_wconf 89' lang='lat' dir='ltr'>et</span> <span class='ocrx_word' id='word_1_27' title='bbox 305 527 416 603; x_wconf 82' lang='lat' dir='ltr'>provisa</span> <span class='ocrx_word' id='word_1_28' title='bbox 429 546 493 585; x_wconf 85' lang='lat' dir='ltr'>esse</span> <span class='ocrx_word' id='word_1_29' title='bbox 506 527 665 585; x_wconf 83' lang='lat' dir='ltr'>videantur.</span> <span class='ocrx_word' id='word_1_30' title='bbox 707 526 800 601; x_wconf 91' lang='lat' dir='ltr'>quue</span> <span class='ocrx_word' id='word_1_31' title='bbox 823 545 891 585; x_wconf 90' lang='lat' dir='ltr'>cum</span> <span class='ocrx_word' id='word_1_32' title='bbox 905 527 1076 603; x_wconf 68' lang='lat' dir='ltr'>conjectura</span> <span class='ocrx_word' id='word_1_33' title='bbox 1091 532 1195 586; x_wconf 86' lang='lat' dir='ltr'>cou·&#39;&#39;</span> <span class='ocrx_word' id='word_1_34' title='bbox 1244 596 1249 602; x_wconf 33' lang='grc'>,</span> 
     </span>
     <span class='ocr_line' id='line_1_5' title="bbox 169 606 1158 683; baseline -0.003 -17"><span class='ocrx_word' id='word_1_35' title='bbox 169 627 250 683; x_wconf 82' lang='lat' dir='ltr'>sequi</span> <span class='ocrx_word' id='word_1_36' title='bbox 314 624 377 669; x_wconf 89' lang='lat' dir='ltr'>sum</span> <span class='ocrx_word' id='word_1_37' title='bbox 471 607 568 663; x_wconf 93' lang='lat' dir='ltr'>uod</span> <span class='ocrx_word' id='word_1_38' title='bbox 544 624 591 663; x_wconf 83' lang='lat' dir='ltr'>vix</span> <span class='ocrx_word' id='word_1_39' title='bbox 609 606 722 662; x_wconf 84' lang='lat' dir='ltr'>videtur</span> <span class='ocrx_word' id='word_1_40' title='bbox 742 606 861 663; x_wconf 87' lang='lat' dir='ltr'>humani</span> <span class='ocrx_word' id='word_1_41' title='bbox 885 606 997 664; x_wconf 90' lang='lat' dir='ltr'>consilii</span> <span class='ocrx_word' id='word_1_42' title='bbox 1011 616 1158 663; x_wconf 86' lang='lat' dir='ltr'>tantarum</span> 
     </span>
     <span class='ocr_line' id='line_1_6' title="bbox 169 605 1205 780; baseline 0.001 -37"><span class='ocrx_word' id='word_1_43' title='bbox 169 605 525 762; x_wconf 47' lang='lat' dir='ltr'>rerumpffibtilffttigesse</span> <span class='ocrx_word' id='word_1_44' title='bbox 539 685 694 762; x_wconf 90' lang='lat' dir='ltr'>potuisse);</span> <span class='ocrx_word' id='word_1_45' title='bbox 715 694 777 741; x_wconf 91' lang='lat' dir='ltr'>tum</span> <span class='ocrx_word' id='word_1_46' title='bbox 795 682 863 741; x_wconf 78' lang='lat' dir='ltr'>verb</span> <span class='ocrx_word' id='word_1_47' title='bbox 877 684 917 741; x_wconf 89' lang='lat' dir='ltr'>ita</span> <span class='ocrx_word' id='word_1_48' title='bbox 935 696 1092 780; x_wconf 82' lang='lat' dir='ltr'>praesentes</span> <span class='ocrx_word' id='word_1_49' title='bbox 1111 685 1158 742; x_wconf 85' lang='lat' dir='ltr'>his</span> <span class='ocrx_word' id='word_1_50' title='bbox 1187 684 1205 744; x_wconf 77' lang='grc'><strong>5</strong></span> 
     </span>
     <span class='ocr_line' id='line_1_7' title="bbox 168 761 1157 840; baseline -0.003 -18"><span class='ocrx_word' id='word_1_51' title='bbox 168 765 344 840; x_wconf 82' lang='lat' dir='ltr'>temporibus</span> <span class='ocrx_word' id='word_1_52' title='bbox 356 782 439 839; x_wconf 91' lang='lat' dir='ltr'>opem</span> <span class='ocrx_word' id='word_1_53' title='bbox 453 773 482 820; x_wconf 91' lang='lat' dir='ltr'>et</span> <span class='ocrx_word' id='word_1_54' title='bbox 496 764 633 820; x_wconf 88' lang='lat' dir='ltr'>auxilium</span> <span class='ocrx_word' id='word_1_55' title='bbox 647 763 730 820; x_wconf 92' lang='lat' dir='ltr'>nobis</span> <span class='ocrx_word' id='word_1_56' title='bbox 743 763 880 833; x_wconf 89' lang='lat' dir='ltr'>tulerunt,</span> <span class='ocrx_word' id='word_1_57' title='bbox 893 774 925 820; x_wconf 93' lang='lat' dir='ltr'>ut</span> <span class='ocrx_word' id='word_1_58' title='bbox 938 781 987 821; x_wconf 89' lang='lat' dir='ltr'>eos</span> <span class='ocrx_word' id='word_1_59' title='bbox 999 761 1074 839; x_wconf 73' lang='lat' dir='ltr'>pene</span> <span class='ocrx_word' id='word_1_60' title='bbox 1088 781 1157 820; x_wconf 92' lang='lat' dir='ltr'>ocu·</span> 
     </span>
     <span class='ocr_line' id='line_1_8' title="bbox 168 841 1157 919; baseline -0.002 -19"><span class='ocrx_word' id='word_1_61' title='bbox 168 843 204 901; x_wconf 90' lang='lat' dir='ltr'>lis</span> <span class='ocrx_word' id='word_1_62' title='bbox 219 843 317 899; x_wconf 87' lang='lat' dir='ltr'>videre</span> <span class='ocrx_word' id='word_1_63' title='bbox 330 841 486 919; x_wconf 82' lang='lat' dir='ltr'>possemus.</span> <span class='ocrx_word' id='word_1_64' title='bbox 526 841 615 910; x_wconf 85' lang='lat' dir='ltr'>Nam,</span> <span class='ocrx_word' id='word_1_65' title='bbox 629 852 661 901; x_wconf 91' lang='lat' dir='ltr'>ut</span> <span class='ocrx_word' id='word_1_66' title='bbox 683 841 733 898; x_wconf 89' lang='lat' dir='ltr'>illa</span> <span class='ocrx_word' id='word_1_67' title='bbox 755 842 894 911; x_wconf 89' lang='lat' dir='ltr'>omittam,</span> <span class='ocrx_word' id='word_1_68' title='bbox 917 842 991 901; x_wconf 87' lang='lat' dir='ltr'>visas</span> <span class='ocrx_word' id='word_1_69' title='bbox 1014 851 1157 898; x_wconf 86' lang='lat' dir='ltr'>nocturno</span> 
     </span>
     <span class='ocr_line' id='line_1_9' title="bbox 168 919 1155 997; baseline -0.004 -19"><span class='ocrx_word' id='word_1_70' title='bbox 168 931 296 997; x_wconf 89' lang='lat' dir='ltr'>tempore</span> <span class='ocrx_word' id='word_1_71' title='bbox 311 922 347 977; x_wconf 90' lang='lat' dir='ltr'>ab</span> <span class='ocrx_word' id='word_1_72' title='bbox 360 920 524 977; x_wconf 81' lang='lat' dir='ltr'>Occidente</span> <span class='ocrx_word' id='word_1_73' title='bbox 548 919 627 976; x_wconf 86' lang='lat' dir='ltr'>faces</span> <span class='ocrx_word' id='word_1_74' title='bbox 641 921 828 992; x_wconf 87' lang='lat' dir='ltr'>ardoremque</span> <span class='ocrx_word' id='word_1_75' title='bbox 851 919 927 990; x_wconf 84' lang='lat' dir='ltr'>coeli,</span> <span class='ocrx_word' id='word_1_76' title='bbox 947 929 980 976; x_wconf 91' lang='lat' dir='ltr'>ut</span> <span class='ocrx_word' id='word_1_77' title='bbox 1002 919 1155 976; x_wconf 86' lang='lat' dir='ltr'>lirlminum</span> 
     </span>
     <span class='ocr_line' id='line_1_10' title="bbox 89 998 1155 1075; baseline 0.002 -24"><span class='ocrx_word' id='word_1_78' title='bbox 89 1028 105 1051; x_wconf 91' lang='lat'>.·</span> <span class='ocrx_word' id='word_1_79' title='bbox 174 1000 279 1075; x_wconf 87' lang='lat' dir='ltr'>jactus,</span> <span class='ocrx_word' id='word_1_80' title='bbox 294 1009 326 1057; x_wconf 90' lang='lat' dir='ltr'>ut</span> <span class='ocrx_word' id='word_1_81' title='bbox 338 1011 421 1056; x_wconf 80' lang='lat' dir='ltr'>terrm</span> <span class='ocrx_word' id='word_1_82' title='bbox 435 1007 538 1068; x_wconf 90' lang='lat' dir='ltr'>motus,</span> <span class='ocrx_word' id='word_1_83' title='bbox 553 1006 585 1053; x_wconf 92' lang='lat' dir='ltr'>ut</span> <span class='ocrx_word' id='word_1_84' title='bbox 598 1007 712 1067; x_wconf 75' lang='lat' dir='ltr'>catera,</span> <span class='ocrx_word' id='word_1_85' title='bbox 727 1016 790 1070; x_wconf 78' lang='lat' dir='ltr'>quae</span> <span class='ocrx_word' id='word_1_86' title='bbox 804 1009 864 1053; x_wconf 90' lang='lat' dir='ltr'>tam</span> <span class='ocrx_word' id='word_1_87' title='bbox 877 998 977 1067; x_wconf 89' lang='lat' dir='ltr'>multa,</span> <span class='ocrx_word' id='word_1_88' title='bbox 991 998 1074 1055; x_wconf 92' lang='lat' dir='ltr'>nobis</span> <span class='ocrx_word' id='word_1_89' title='bbox 1088 1015 1155 1054; x_wconf 90' lang='lat' dir='ltr'>con·</span> 
     </span>
     <span class='ocr_line' id='line_1_11' title="bbox 169 1074 1203 1148; baseline -0.005 -13"><span class='ocrx_word' id='word_1_90' title='bbox 169 1078 289 1147; x_wconf 86' lang='lat' dir='ltr'>sulibus,</span> <span class='ocrx_word' id='word_1_91' title='bbox 306 1078 382 1135; x_wconf 86' lang='lat' dir='ltr'>lacta</span> <span class='ocrx_word' id='word_1_92' title='bbox 396 1086 472 1145; x_wconf 90' lang='lat' dir='ltr'>sunt,</span> <span class='ocrx_word' id='word_1_93' title='bbox 486 1075 604 1144; x_wconf 76' lang='lat' dir='ltr'>urbac,</span> <span class='ocrx_word' id='word_1_94' title='bbox 619 1094 682 1148; x_wconf 82' lang='lat' dir='ltr'>quae</span> <span class='ocrx_word' id='word_1_95' title='bbox 705 1094 784 1131; x_wconf 91' lang='lat' dir='ltr'>nunc</span> <span class='ocrx_word' id='word_1_96' title='bbox 808 1074 890 1145; x_wconf 89' lang='lat' dir='ltr'>fiunt,</span> <span class='ocrx_word' id='word_1_97' title='bbox 905 1094 1010 1133; x_wconf 85' lang='lat' dir='ltr'>canere</span> <span class='ocrx_word' id='word_1_98' title='bbox 1032 1074 1110 1131; x_wconf 94' lang='lat' dir='ltr'>Dii</span> <span class='ocrx_word' id='word_1_99' title='bbox 1103 1093 1155 1132; x_wconf 86' lang='lat' dir='ltr'>rm·</span> <span class='ocrx_word' id='word_1_100' title='bbox 1168 1076 1203 1130; x_wconf 91' lang='lat'>10</span> 
     </span>
     <span class='ocr_line' id='line_1_12' title="bbox 169 1120 1154 1226; baseline -0.002 -14"><span class='ocrx_word' id='word_1_101' title='bbox 169 1157 304 1213; x_wconf 82' lang='lat' dir='ltr'>mortales</span> <span class='ocrx_word' id='word_1_102' title='bbox 320 1120 501 1222; x_wconf 78' lang='lat' dir='ltr'>viderentdr3</span> <span class='ocrx_word' id='word_1_103' title='bbox 524 1153 577 1209; x_wconf 87' lang='lat' dir='ltr'>lroc</span> <span class='ocrx_word' id='word_1_104' title='bbox 592 1152 681 1223; x_wconf 75' lang='lat' dir='ltr'>certe,</span> <span class='ocrx_word' id='word_1_105' title='bbox 694 1152 838 1222; x_wconf 77' lang='lat' dir='ltr'>Quirites,</span> <span class='ocrx_word' id='word_1_106' title='bbox 849 1120 925 1226; x_wconf 80' lang='lat' dir='ltr'>qiiod</span> <span class='ocrx_word' id='word_1_107' title='bbox 938 1172 1000 1210; x_wconf 89' lang='lat' dir='ltr'>sum</span> <span class='ocrx_word' id='word_1_108' title='bbox 1014 1153 1154 1224; x_wconf 91' lang='lat' dir='ltr'>dicturus,</span> 
     </span>
     <span class='ocr_line' id='line_1_13' title="bbox 169 1196 966 1328; baseline -0.005 -36"><span class='ocrx_word' id='word_1_109' title='bbox 169 1253 264 1308; x_wconf 91' lang='lat' dir='ltr'>neque</span> <span class='ocrx_word' id='word_1_110' title='bbox 277 1196 561 1328; x_wconf 74' lang='lat' dir='ltr'>pretermittendum,</span> <span class='ocrx_word' id='word_1_111' title='bbox 575 1250 669 1304; x_wconf 90' lang='lat' dir='ltr'>neque</span> <span class='ocrx_word' id='word_1_112' title='bbox 683 1231 903 1304; x_wconf 88' lang='lat' dir='ltr'>relinquendum</span> <span class='ocrx_word' id='word_1_113' title='bbox 916 1242 966 1288; x_wconf 92' lang='lat' dir='ltr'>est</span> 
     </span>
     <span class='ocr_line' id='line_1_14' title="bbox 122 1309 1157 1405; baseline -0.001 -37"><span class='ocrx_word' id='word_1_114' title='bbox 122 1348 125 1351; x_wconf 63' lang='lat'>,</span> <span class='ocrx_word' id='word_1_115' title='bbox 210 1311 289 1370; x_wconf 90' lang='lat' dir='ltr'>Nam</span> <span class='ocrx_word' id='word_1_116' title='bbox 302 1309 430 1388; x_wconf 70' lang='lat' dir='ltr'>profecti&gt;</span> <span class='ocrx_word' id='word_1_117' title='bbox 445 1309 582 1367; x_wconf 71' lang='lat' dir='ltr'>memorii</span> <span class='ocrx_word' id='word_1_118' title='bbox 595 1309 709 1379; x_wconf 89' lang='lat' dir='ltr'>tenetis,</span> <span class='ocrx_word' id='word_1_119' title='bbox 724 1309 810 1365; x_wconf 79' lang='lat' dir='ltr'>Cotta</span> <span class='ocrx_word' id='word_1_120' title='bbox 824 1319 852 1365; x_wconf 90' lang='lat' dir='ltr'>et</span> <span class='ocrx_word' id='word_1_121' title='bbox 865 1309 1013 1395; x_wconf 82' lang='lat' dir='ltr'>Torquato</span> <span class='ocrx_word' id='word_1_122' title='bbox 1032 1309 1157 1405; x_wconf 74' lang='lat' dir='ltr'>consuli·</span> 
     </span>
     <span class='ocr_line' id='line_1_15' title="bbox 171 1385 1154 1466; baseline -0.003 -19"><span class='ocrx_word' id='word_1_123' title='bbox 171 1391 234 1461; x_wconf 90' lang='lat' dir='ltr'>bus,</span> <span class='ocrx_word' id='word_1_124' title='bbox 249 1389 431 1466; x_wconf 82' lang='lat' dir='ltr'>complures</span> <span class='ocrx_word' id='word_1_125' title='bbox 423 1409 453 1446; x_wconf 90' lang='grc' dir='ltr'>ιιι</span> <span class='ocrx_word' id='word_1_126' title='bbox 467 1389 609 1464; x_wconf 84' lang='lat' dir='ltr'>Capitolio</span> <span class='ocrx_word' id='word_1_127' title='bbox 627 1407 673 1444; x_wconf 92' lang='lat' dir='ltr'>res</span> <span class='ocrx_word' id='word_1_128' title='bbox 687 1388 723 1444; x_wconf 93' lang='lat' dir='ltr'>de</span> <span class='ocrx_word' id='word_1_129' title='bbox 744 1387 817 1444; x_wconf 89' lang='lat' dir='ltr'>coelo</span> <span class='ocrx_word' id='word_1_130' title='bbox 836 1407 898 1444; x_wconf 87' lang='lat' dir='ltr'>esse</span> <span class='ocrx_word' id='word_1_131' title='bbox 911 1391 1070 1464; x_wconf 90' lang='lat' dir='ltr'>percussas,</span> <span class='ocrx_word' id='word_1_132' title='bbox 1085 1385 1154 1444; x_wconf 83' lang='lat' dir='ltr'>cirm</span> 
     </span>
     <span class='ocr_line' id='line_1_16' title="bbox 170 1465 1202 1540; baseline -0.003 -14"><span class='ocrx_word' id='word_1_133' title='bbox 170 1478 200 1526; x_wconf 91' lang='lat' dir='ltr'>et</span> <span class='ocrx_word' id='word_1_134' title='bbox 220 1470 374 1526; x_wconf 88' lang='lat' dir='ltr'>simulacra</span> <span class='ocrx_word' id='word_1_135' title='bbox 393 1467 520 1525; x_wconf 88' lang='lat' dir='ltr'>Deorum</span> <span class='ocrx_word' id='word_1_136' title='bbox 541 1465 744 1524; x_wconf 87' lang='lat' dir='ltr'>immortalium</span> <span class='ocrx_word' id='word_1_137' title='bbox 765 1465 882 1540; x_wconf 88' lang='lat' dir='ltr'>depulsa</span> <span class='ocrx_word' id='word_1_138' title='bbox 901 1477 977 1537; x_wconf 89' lang='lat' dir='ltr'>sunt,</span> <span class='ocrx_word' id='word_1_139' title='bbox 1004 1476 1033 1523; x_wconf 94' lang='lat' dir='ltr'>et</span> <span class='ocrx_word' id='word_1_140' title='bbox 1052 1477 1153 1524; x_wconf 78' lang='lat' dir='ltr'>statua</span> <span class='ocrx_word' id='word_1_141' title='bbox 1168 1478 1202 1532; x_wconf 84' lang='lat'>15</span> 
     </span>
     <span class='ocr_line' id='line_1_17' title="bbox 94 1544 1154 1622; baseline 0 -20"><span class='ocrx_word' id='word_1_142' title='bbox 94 1576 102 1589; x_wconf 91' lang='lat'><strong>·</strong></span> <span class='ocrx_word' id='word_1_143' title='bbox 169 1558 298 1605; x_wconf 88' lang='lat' dir='ltr'>veterum</span> <span class='ocrx_word' id='word_1_144' title='bbox 313 1547 459 1605; x_wconf 90' lang='lat' dir='ltr'>hominum</span> <span class='ocrx_word' id='word_1_145' title='bbox 473 1546 603 1622; x_wconf 88' lang='lat' dir='ltr'>dejectae,</span> <span class='ocrx_word' id='word_1_146' title='bbox 614 1556 643 1604; x_wconf 92' lang='lat' dir='ltr'>et</span> <span class='ocrx_word' id='word_1_147' title='bbox 656 1545 753 1621; x_wconf 89' lang='lat' dir='ltr'>legum</span> <span class='ocrx_word' id='word_1_148' title='bbox 768 1563 826 1601; x_wconf 85' lang='lat' dir='ltr'>aera</span> <span class='ocrx_word' id='word_1_149' title='bbox 838 1544 1001 1618; x_wconf 83' lang='lat' dir='ltr'>liquefacta</span> <span class='ocrx_word' id='word_1_150' title='bbox 1041 1544 1154 1602; x_wconf 86' lang='lat' dir='ltr'>Tactus</span> 
     </span>
     <span class='ocr_line' id='line_1_18' title="bbox 170 1622 1155 1699; baseline -0.002 -17"><span class='ocrx_word' id='word_1_151' title='bbox 170 1636 214 1682; x_wconf 90' lang='lat' dir='ltr'>est</span> <span class='ocrx_word' id='word_1_152' title='bbox 227 1626 314 1684; x_wconf 88' lang='lat' dir='ltr'>etiam</span> <span class='ocrx_word' id='word_1_153' title='bbox 328 1626 540 1699; x_wconf 89' lang='lat' dir='ltr'>ille,qu1hanc</span> <span class='ocrx_word' id='word_1_154' title='bbox 555 1626 657 1682; x_wconf 89' lang='lat' dir='ltr'>urbem</span> <span class='ocrx_word' id='word_1_155' title='bbox 671 1622 810 1693; x_wconf 87' lang='lat' dir='ltr'>condidit,</span> <span class='ocrx_word' id='word_1_156' title='bbox 825 1622 985 1690; x_wconf 84' lang='lat' dir='ltr'>Romulus3</span> <span class='ocrx_word' id='word_1_157' title='bbox 1007 1640 1092 1695; x_wconf 92' lang='lat' dir='ltr'>quem</span> <span class='ocrx_word' id='word_1_158' title='bbox 1112 1623 1155 1680; x_wconf 90' lang='lat' dir='ltr'>in·</span> 
     </span>
     <span class='ocr_line' id='line_1_19' title="bbox 170 1666 1154 1795; baseline -0.003 -34"><span class='ocrx_word' id='word_1_159' title='bbox 170 1714 300 1761; x_wconf 86' lang='lat' dir='ltr'>auratum</span> <span class='ocrx_word' id='word_1_160' title='bbox 312 1705 342 1762; x_wconf 91' lang='lat' dir='ltr'>in</span> <span class='ocrx_word' id='word_1_161' title='bbox 352 1702 495 1780; x_wconf 89' lang='lat' dir='ltr'>Capitolio</span> <span class='ocrx_word' id='word_1_162' title='bbox 504 1723 625 1795; x_wconf 85' lang='lat' dir='ltr'>parvum</span> <span class='ocrx_word' id='word_1_163' title='bbox 634 1713 719 1778; x_wconf 87' lang='lat' dir='ltr'>atque</span> <span class='ocrx_word' id='word_1_164' title='bbox 729 1702 894 1771; x_wconf 88' lang='lat' dir='ltr'>lactentem,</span> <span class='ocrx_word' id='word_1_165' title='bbox 905 1666 1040 1758; x_wconf 88' lang='lat' dir='ltr'>uberibus</span> <span class='ocrx_word' id='word_1_166' title='bbox 1049 1700 1154 1776; x_wconf 88' lang='lat' dir='ltr'>lupinis</span> 
     </span>
     <span class='ocr_line' id='line_1_20' title="bbox 170 1777 1154 1855; baseline -0.002 -17"><span class='ocrx_word' id='word_1_167' title='bbox 170 1781 338 1854; x_wconf 85' lang='lat' dir='ltr'>inhiantem,</span> <span class='ocrx_word' id='word_1_168' title='bbox 362 1783 450 1840; x_wconf 85' lang='lat' dir='ltr'>fuisse</span> <span class='ocrx_word' id='word_1_169' title='bbox 472 1783 651 1840; x_wconf 85' lang='lat' dir='ltr'>meministis</span> <span class='ocrx_word' id='word_1_170' title='bbox 699 1781 772 1841; x_wconf 78' lang='lat' dir='ltr'>Quo</span> <span class='ocrx_word' id='word_1_171' title='bbox 793 1780 910 1854; x_wconf 90' lang='lat' dir='ltr'>quidem</span> <span class='ocrx_word' id='word_1_172' title='bbox 929 1789 1064 1855; x_wconf 88' lang='lat' dir='ltr'>tempore,</span> <span class='ocrx_word' id='word_1_173' title='bbox 1085 1777 1154 1836; x_wconf 84' lang='lat' dir='ltr'>cdm</span> 
     </span>
     <span class='ocr_line' id='line_1_21' title="bbox 170 1858 1203 1936; baseline 0.003 -21"><span class='ocrx_word' id='word_1_174' title='bbox 170 1861 314 1936; x_wconf 83' lang='lat' dir='ltr'>aruspices</span> <span class='ocrx_word' id='word_1_175' title='bbox 328 1880 363 1918; x_wconf 86' lang='lat' dir='ltr'>ex</span> <span class='ocrx_word' id='word_1_176' title='bbox 376 1862 436 1919; x_wconf 86' lang='lat' dir='ltr'>tota</span> <span class='ocrx_word' id='word_1_177' title='bbox 449 1861 566 1919; x_wconf 72' lang='lat' dir='ltr'>Etrurii</span> <span class='ocrx_word' id='word_1_178' title='bbox 582 1860 793 1929; x_wconf 87' lang='lat' dir='ltr'>convenissent,</span> <span class='ocrx_word' id='word_1_179' title='bbox 805 1858 899 1915; x_wconf 79' lang='lat' dir='ltr'>cades</span> <span class='ocrx_word' id='word_1_180' title='bbox 909 1867 994 1931; x_wconf 91' lang='lat' dir='ltr'>atque</span> <span class='ocrx_word' id='word_1_181' title='bbox 1007 1858 1153 1928; x_wconf 88' lang='lat' dir='ltr'>incendia,</span> <span class='ocrx_word' id='word_1_182' title='bbox 1166 1864 1203 1918; x_wconf 76' lang='lat'>20</span> 
     </span>
     <span class='ocr_line' id='line_1_22' title="bbox 170 1936 1155 2015; baseline -0.003 -20"><span class='ocrx_word' id='word_1_183' title='bbox 170 1947 198 1995; x_wconf 91' lang='lat' dir='ltr'>et</span> <span class='ocrx_word' id='word_1_184' title='bbox 210 1939 327 2015; x_wconf 86' lang='lat' dir='ltr'>legum</span> <span class='ocrx_word' id='word_1_185' title='bbox 321 1941 477 2010; x_wconf 84' lang='lat' dir='ltr'>interitum,</span> <span class='ocrx_word' id='word_1_186' title='bbox 496 1950 525 1997; x_wconf 91' lang='lat' dir='ltr'>et</span> <span class='ocrx_word' id='word_1_187' title='bbox 538 1940 645 1998; x_wconf 89' lang='lat' dir='ltr'>bellum</span> <span class='ocrx_word' id='word_1_188' title='bbox 660 1938 744 1997; x_wconf 81' lang='lat' dir='ltr'>civile</span> <span class='ocrx_word' id='word_1_189' title='bbox 760 1956 795 1994; x_wconf 95' lang='lat' dir='ltr'>ac</span> <span class='ocrx_word' id='word_1_190' title='bbox 809 1937 1007 2006; x_wconf 90' lang='lat' dir='ltr'>domesticum,</span> <span class='ocrx_word' id='word_1_191' title='bbox 1025 1945 1056 1993; x_wconf 94' lang='lat' dir='ltr'>et</span> <span class='ocrx_word' id='word_1_192' title='bbox 1068 1936 1155 1993; x_wconf 89' lang='lat' dir='ltr'>totius</span> 
     </span>
     <span class='ocr_line' id='line_1_23' title="bbox 169 2013 1155 2104; baseline -0.001 -32"><span class='ocrx_word' id='word_1_193' title='bbox 169 2018 248 2074; x_wconf 89' lang='lat' dir='ltr'>urbis</span> <span class='ocrx_word' id='word_1_194' title='bbox 263 2028 348 2092; x_wconf 90' lang='lat' dir='ltr'>atque</span> <span class='ocrx_word' id='word_1_195' title='bbox 362 2019 474 2094; x_wconf 91' lang='lat' dir='ltr'>imperii</span> <span class='ocrx_word' id='word_1_196' title='bbox 486 2035 622 2076; x_wconf 88' lang='lat' dir='ltr'>occasum</span> <span class='ocrx_word' id='word_1_197' title='bbox 637 2017 863 2104; x_wconf 79' lang='lat' dir='ltr'>appropinquare</span> <span class='ocrx_word' id='word_1_198' title='bbox 877 2014 1020 2084; x_wconf 82' lang='lat' dir='ltr'>dixerunt,</span> <span class='ocrx_word' id='word_1_199' title='bbox 1034 2014 1091 2070; x_wconf 86' lang='lat' dir='ltr'>nisi</span> <span class='ocrx_word' id='word_1_200' title='bbox 1082 2013 1155 2071; x_wconf 89' lang='lat' dir='ltr'>Dii</span> 
     </span>
     <span class='ocr_line' id='line_1_24' title="bbox 170 2091 1155 2171; baseline -0.003 -21"><span class='ocrx_word' id='word_1_201' title='bbox 170 2094 354 2166; x_wconf 87' lang='lat' dir='ltr'>immortales,</span> <span class='ocrx_word' id='word_1_202' title='bbox 368 2097 447 2153; x_wconf 89' lang='lat' dir='ltr'>omni</span> <span class='ocrx_word' id='word_1_203' title='bbox 460 2097 571 2153; x_wconf 88' lang='lat' dir='ltr'>ratione</span> <span class='ocrx_word' id='word_1_204' title='bbox 583 2096 700 2171; x_wconf 90' lang='lat' dir='ltr'>placati,</span> <span class='ocrx_word' id='word_1_205' title='bbox 715 2114 768 2152; x_wconf 90' lang='lat' dir='ltr'>suo</span> <span class='ocrx_word' id='word_1_206' title='bbox 780 2093 900 2150; x_wconf 89' lang='lat' dir='ltr'>numine</span> <span class='ocrx_word' id='word_1_207' title='bbox 920 2091 1015 2168; x_wconf 73' lang='lat' dir='ltr'>propit</span> <span class='ocrx_word' id='word_1_208' title='bbox 1022 2092 1102 2148; x_wconf 84' lang='lat' dir='ltr'>iata</span> <span class='ocrx_word' id='word_1_209' title='bbox 1094 2111 1155 2167; x_wconf 85' lang='lat' dir='ltr'>ipsa</span> 
     </span>
     <span class='ocr_line' id='line_1_25' title="bbox 170 2172 324 2230; baseline 0 -2"><span class='ocrx_word' id='word_1_210' title='bbox 170 2172 324 2230; x_wconf 85' lang='lat' dir='ltr'>flexissent.</span> 
     </span>
    </p>

    <p class='ocr_par' dir='ltr' id='par_1_3' title="bbox 72 2248 1245 3170">
     <span class='ocr_line' id='line_1_26' title="bbox 72 2248 1203 2326; baseline -0.001 -17"><span class='ocrx_word' id='word_1_211' title='bbox 72 2307 79 2319; x_wconf 83' lang='grc'>,</span> <span class='ocrx_word' id='word_1_212' title='bbox 209 2251 256 2309; x_wconf 90' lang='lat' dir='ltr'>Ita</span> <span class='ocrx_word' id='word_1_213' title='bbox 257 2270 323 2326; x_wconf 89' lang='lat' dir='ltr'>que,</span> <span class='ocrx_word' id='word_1_214' title='bbox 338 2248 450 2307; x_wconf 90' lang='lat' dir='ltr'>illorum</span> <span class='ocrx_word' id='word_1_215' title='bbox 464 2250 615 2325; x_wconf 90' lang='lat' dir='ltr'>responsis,</span> <span class='ocrx_word' id='word_1_216' title='bbox 629 2260 699 2308; x_wconf 91' lang='lat' dir='ltr'>tunc</span> <span class='ocrx_word' id='word_1_217' title='bbox 713 2260 742 2308; x_wconf 91' lang='lat' dir='ltr'>et</span> <span class='ocrx_word' id='word_1_218' title='bbox 754 2250 816 2308; x_wconf 93' lang='lat' dir='ltr'>ludi</span> <span class='ocrx_word' id='word_1_219' title='bbox 830 2251 932 2307; x_wconf 88' lang='lat' dir='ltr'>decem</span> <span class='ocrx_word' id='word_1_220' title='bbox 944 2268 995 2325; x_wconf 91' lang='lat' dir='ltr'>per</span> <span class='ocrx_word' id='word_1_221' title='bbox 1009 2248 1072 2306; x_wconf 91' lang='lat' dir='ltr'>dies</span> <span class='ocrx_word' id='word_1_222' title='bbox 1085 2249 1153 2306; x_wconf 84' lang='lat' dir='ltr'>iacti</span> <span class='ocrx_word' id='word_1_223' title='bbox 1166 2252 1203 2308; x_wconf 80' lang='lat'>2⁵</span> 
     </span>
     <span class='ocr_line' id='line_1_27' title="bbox 134 2327 1152 2405; baseline 0 -21"><span class='ocrx_word' id='word_1_224' title='bbox 134 2382 140 2393; x_wconf 87' lang='grc'>,</span> <span class='ocrx_word' id='word_1_225' title='bbox 171 2339 254 2399; x_wconf 83' lang='lat' dir='ltr'>sunt3</span> <span class='ocrx_word' id='word_1_226' title='bbox 276 2346 369 2402; x_wconf 88' lang='lat' dir='ltr'>neque</span> <span class='ocrx_word' id='word_1_227' title='bbox 383 2347 429 2385; x_wconf 92' lang='lat' dir='ltr'>res</span> <span class='ocrx_word' id='word_1_228' title='bbox 452 2327 520 2398; x_wconf 89' lang='lat' dir='ltr'>ulla,</span> <span class='ocrx_word' id='word_1_229' title='bbox 544 2347 607 2403; x_wconf 87' lang='lat' dir='ltr'>quae</span> <span class='ocrx_word' id='word_1_230' title='bbox 631 2329 668 2385; x_wconf 90' lang='lat' dir='ltr'>ad</span> <span class='ocrx_word' id='word_1_231' title='bbox 690 2328 863 2405; x_wconf 91' lang='lat' dir='ltr'>placandum</span> <span class='ocrx_word' id='word_1_232' title='bbox 887 2327 966 2385; x_wconf 92' lang='lat' dir='ltr'>Deos</span> <span class='ocrx_word' id='word_1_233' title='bbox 988 2328 1152 2403; x_wconf 86' lang='lat' dir='ltr'>pertineret,</span> 
     </span>
     <span class='ocr_line' id='line_1_28' title="bbox 170 2405 1153 2482; baseline 0.003 -20"><span class='ocrx_word' id='word_1_234' title='bbox 170 2407 360 2481; x_wconf 66' lang='lat' dir='ltr'>praetermissa</span> <span class='ocrx_word' id='word_1_235' title='bbox 373 2416 432 2463; x_wconf 88' lang='lat' dir='ltr'>est:</span> <span class='ocrx_word' id='word_1_236' title='bbox 454 2407 598 2481; x_wconf 88' lang='lat' dir='ltr'>iidemque</span> <span class='ocrx_word' id='word_1_237' title='bbox 605 2406 761 2482; x_wconf 88' lang='lat' dir='ltr'>jusserunt,</span> <span class='ocrx_word' id='word_1_238' title='bbox 772 2408 957 2465; x_wconf 86' lang='lat' dir='ltr'>simulacrum</span> <span class='ocrx_word' id='word_1_239' title='bbox 966 2405 985 2462; x_wconf 90' lang='lat' dir='ltr'>J</span> <span class='ocrx_word' id='word_1_240' title='bbox 986 2406 1046 2463; x_wconf 88' lang='lat' dir='ltr'>ovis</span> <span class='ocrx_word' id='word_1_241' title='bbox 1057 2407 1153 2465; x_wconf 88' lang='lat' dir='ltr'>sacere</span> 
     </span>
     <span class='ocr_line' id='line_1_29' title="bbox 170 2482 1152 2561; baseline 0.003 -22"><span class='ocrx_word' id='word_1_242' title='bbox 170 2484 271 2559; x_wconf 88' lang='lat' dir='ltr'>majus,</span> <span class='ocrx_word' id='word_1_243' title='bbox 286 2494 315 2542; x_wconf 93' lang='lat' dir='ltr'>et</span> <span class='ocrx_word' id='word_1_244' title='bbox 328 2484 358 2541; x_wconf 92' lang='lat' dir='ltr'>in</span> <span class='ocrx_word' id='word_1_245' title='bbox 371 2485 485 2542; x_wconf 86' lang='lat' dir='ltr'>excelso</span> <span class='ocrx_word' id='word_1_246' title='bbox 495 2485 646 2556; x_wconf 89' lang='lat' dir='ltr'>collocare,</span> <span class='ocrx_word' id='word_1_247' title='bbox 657 2496 697 2555; x_wconf 90' lang='lat' dir='ltr'>et,</span> <span class='ocrx_word' id='word_1_248' title='bbox 711 2484 809 2543; x_wconf 72' lang='lat' dir='ltr'>contri</span> <span class='ocrx_word' id='word_1_249' title='bbox 821 2498 905 2561; x_wconf 89' lang='lat' dir='ltr'>atque</span> <span class='ocrx_word' id='word_1_250' title='bbox 919 2482 986 2541; x_wconf 75' lang='lat' dir='ltr'>ante</span> <span class='ocrx_word' id='word_1_251' title='bbox 1001 2485 1103 2554; x_wconf 91' lang='lat' dir='ltr'>fuerat,</span> <span class='ocrx_word' id='word_1_252' title='bbox 1115 2485 1152 2542; x_wconf 88' lang='lat' dir='ltr'>ad</span> 
     </span>
     <span class='ocr_line' id='line_1_30' title="bbox 169 2561 1151 2640; baseline 0 -21"><span class='ocrx_word' id='word_1_253' title='bbox 169 2561 320 2619; x_wconf 88' lang='lat' dir='ltr'>Orientem</span> <span class='ocrx_word' id='word_1_254' title='bbox 333 2575 515 2620; x_wconf 84' lang='lat' dir='ltr'>convertere:</span> <span class='ocrx_word' id='word_1_255' title='bbox 537 2582 572 2621; x_wconf 90' lang='lat' dir='ltr'>ac</span> <span class='ocrx_word' id='word_1_256' title='bbox 586 2583 616 2621; x_wconf 90' lang='lat' dir='ltr'>se</span> <span class='ocrx_word' id='word_1_257' title='bbox 630 2583 745 2640; x_wconf 90' lang='lat' dir='ltr'>sperare</span> <span class='ocrx_word' id='word_1_258' title='bbox 755 2565 896 2634; x_wconf 80' lang='lat' dir='ltr'>dixerunt,</span> <span class='ocrx_word' id='word_1_259' title='bbox 907 2564 931 2623; x_wconf 88' lang='lat' dir='ltr'>si</span> <span class='ocrx_word' id='word_1_260' title='bbox 943 2564 1013 2621; x_wconf 93' lang='lat' dir='ltr'>illud</span> <span class='ocrx_word' id='word_1_261' title='bbox 1027 2563 1151 2640; x_wconf 85' lang='lat' dir='ltr'>signum,</span> 
     </span>
     <span class='ocr_line' id='line_1_31' title="bbox 170 2602 1245 2717; baseline 0.001 -20"><span class='ocrx_word' id='word_1_262' title='bbox 170 2641 243 2714; x_wconf 91' lang='lat' dir='ltr'>quod</span> <span class='ocrx_word' id='word_1_263' title='bbox 259 2641 368 2712; x_wconf 90' lang='lat' dir='ltr'>videtis,</span> <span class='ocrx_word' id='word_1_264' title='bbox 383 2641 451 2699; x_wconf 89' lang='lat' dir='ltr'>solis</span> <span class='ocrx_word' id='word_1_265' title='bbox 470 2651 574 2714; x_wconf 89' lang='lat' dir='ltr'>ortum,</span> <span class='ocrx_word' id='word_1_266' title='bbox 595 2652 624 2700; x_wconf 92' lang='lat' dir='ltr'>et</span> <span class='ocrx_word' id='word_1_267' title='bbox 645 2642 748 2714; x_wconf 85' lang='lat' dir='ltr'>iorum,</span> <span class='ocrx_word' id='word_1_268' title='bbox 772 2643 939 2716; x_wconf 90' lang='lat' dir='ltr'>curiamque</span> <span class='ocrx_word' id='word_1_269' title='bbox 962 2643 1151 2717; x_wconf 86' lang='lat' dir='ltr'>conspiceret,</span> <span class='ocrx_word' id='word_1_270' title='bbox 1165 2602 1213 2697; x_wconf 41' lang='grc' dir='ltr'>ὦ</span> <span class='ocrx_word' id='word_1_271' title='bbox 1228 2638 1245 2705; x_wconf 74' lang='grc'>’,</span> 
     </span>
     <span class='ocr_line' id='line_1_32' title="bbox 169 2719 1152 2795; baseline 0.001 -19"><span class='ocrx_word' id='word_1_272' title='bbox 169 2719 237 2790; x_wconf 83' lang='lat' dir='ltr'>lore,</span> <span class='ocrx_word' id='word_1_273' title='bbox 252 2730 284 2777; x_wconf 90' lang='lat' dir='ltr'>ut</span> <span class='ocrx_word' id='word_1_274' title='bbox 297 2739 332 2776; x_wconf 89' lang='lat' dir='ltr'>ea</span> <span class='ocrx_word' id='word_1_275' title='bbox 355 2720 485 2792; x_wconf 88' lang='lat' dir='ltr'>consilia,</span> <span class='ocrx_word' id='word_1_276' title='bbox 501 2739 564 2795; x_wconf 87' lang='lat' dir='ltr'>quae</span> <span class='ocrx_word' id='word_1_277' title='bbox 588 2719 665 2778; x_wconf 77' lang='lat' dir='ltr'>claim</span> <span class='ocrx_word' id='word_1_278' title='bbox 687 2731 784 2779; x_wconf 90' lang='lat' dir='ltr'>essent</span> <span class='ocrx_word' id='word_1_279' title='bbox 808 2721 879 2779; x_wconf 90' lang='lat' dir='ltr'>inita</span> <span class='ocrx_word' id='word_1_280' title='bbox 902 2731 1002 2778; x_wconf 90' lang='lat' dir='ltr'>contra</span> <span class='ocrx_word' id='word_1_281' title='bbox 1030 2721 1152 2778; x_wconf 88' lang='lat' dir='ltr'>salutem</span> 
     </span>
     <span class='ocr_line' id='line_1_33' title="bbox 168 2765 1151 2889; baseline 0.001 -35"><span class='ocrx_word' id='word_1_282' title='bbox 168 2765 253 2855; x_wconf 90' lang='lat' dir='ltr'>Urbis</span> <span class='ocrx_word' id='word_1_283' title='bbox 277 2809 362 2872; x_wconf 89' lang='lat' dir='ltr'>atque</span> <span class='ocrx_word' id='word_1_284' title='bbox 386 2799 508 2889; x_wconf 88' lang='lat' dir='ltr'>imperii,</span> <span class='ocrx_word' id='word_1_285' title='bbox 532 2800 751 2871; x_wconf 89' lang='lat' dir='ltr'>illustrarentur,</span> <span class='ocrx_word' id='word_1_286' title='bbox 776 2809 808 2857; x_wconf 91' lang='lat' dir='ltr'>ut</span> <span class='ocrx_word' id='word_1_287' title='bbox 831 2818 849 2857; x_wconf 91' lang='lat' dir='ltr'>a</span> <span class='ocrx_word' id='word_1_288' title='bbox 870 2809 971 2861; x_wconf 85' lang='lat' dir='ltr'>senatu</span> <span class='ocrx_word' id='word_1_289' title='bbox 993 2798 1151 2875; x_wconf 92' lang='lat' dir='ltr'>populoque</span> 
     </span>
     <span class='ocr_line' id='line_1_34' title="bbox 167 2876 1152 2956; baseline 0.002 -23"><span class='ocrx_word' id='word_1_290' title='bbox 167 2876 302 2935; x_wconf 89' lang='lat' dir='ltr'>Romano</span> <span class='ocrx_word' id='word_1_291' title='bbox 333 2878 437 2953; x_wconf 87' lang='lat' dir='ltr'>erspici</span> <span class='ocrx_word' id='word_1_292' title='bbox 451 2888 573 2956; x_wconf 83' lang='lat' dir='ltr'>possent.</span> <span class='ocrx_word' id='word_1_293' title='bbox 615 2879 714 2955; x_wconf 86' lang='lat' dir='ltr'>Atque</span> <span class='ocrx_word' id='word_1_294' title='bbox 728 2879 799 2936; x_wconf 92' lang='lat' dir='ltr'>illud</span> <span class='ocrx_word' id='word_1_295' title='bbox 819 2879 860 2936; x_wconf 90' lang='lat' dir='ltr'>ita</span> <span class='ocrx_word' id='word_1_296' title='bbox 873 2878 1071 2936; x_wconf 88' lang='lat' dir='ltr'>collocandum</span> <span class='ocrx_word' id='word_1_297' title='bbox 1085 2896 1152 2935; x_wconf 93' lang='lat' dir='ltr'>con·</span> 
     </span>
     <span class='ocr_line' id='line_1_35' title="bbox 168 2896 1152 3033; baseline 0.001 -21"><span class='ocrx_word' id='word_1_298' title='bbox 168 2956 243 3013; x_wconf 90' lang='lat' dir='ltr'>sules</span> <span class='ocrx_word' id='word_1_299' title='bbox 258 2956 298 3013; x_wconf 91' lang='lat' dir='ltr'>illi</span> <span class='ocrx_word' id='word_1_300' title='bbox 313 2896 496 3015; x_wconf 67' lang='lat' dir='ltr'>ibcaverunt</span> <span class='ocrx_word' id='word_1_301' title='bbox 517 2956 568 3015; x_wconf 84' lang='lat' dir='ltr'>sed</span> <span class='ocrx_word' id='word_1_302' title='bbox 581 2967 663 3016; x_wconf 90' lang='lat' dir='ltr'>tanta</span> <span class='ocrx_word' id='word_1_303' title='bbox 677 2958 731 3016; x_wconf 83' lang='lat' dir='ltr'>suit</span> <span class='ocrx_word' id='word_1_304' title='bbox 744 2957 838 3033; x_wconf 88' lang='lat' dir='ltr'>operis</span> <span class='ocrx_word' id='word_1_305' title='bbox 860 2957 988 3027; x_wconf 87' lang='lat' dir='ltr'>tarditas,</span> <span class='ocrx_word' id='word_1_306' title='bbox 1002 2965 1044 3025; x_wconf 86' lang='lat' dir='ltr'>ut,</span> <span class='ocrx_word' id='word_1_307' title='bbox 1057 2975 1152 3030; x_wconf 90' lang='lat' dir='ltr'>neque</span> 
     </span>
     <span class='ocr_line' id='line_1_36' title="bbox 168 3032 1201 3112; baseline -0.001 -23"><span class='ocrx_word' id='word_1_308' title='bbox 168 3052 185 3090; x_wconf 90' lang='lat' dir='ltr'>a</span> <span class='ocrx_word' id='word_1_309' title='bbox 208 3035 401 3109; x_wconf 88' lang='lat' dir='ltr'>superioribus</span> <span class='ocrx_word' id='word_1_310' title='bbox 424 3036 598 3109; x_wconf 88' lang='lat' dir='ltr'>consulibus,</span> <span class='ocrx_word' id='word_1_311' title='bbox 622 3056 717 3112; x_wconf 89' lang='lat' dir='ltr'>neque</span> <span class='ocrx_word' id='word_1_312' title='bbox 744 3056 761 3094; x_wconf 89' lang='lat' dir='ltr'>a</span> <span class='ocrx_word' id='word_1_313' title='bbox 787 3036 870 3095; x_wconf 91' lang='lat' dir='ltr'>nobis</span> <span class='ocrx_word' id='word_1_314' title='bbox 893 3046 959 3094; x_wconf 91' lang='lat' dir='ltr'>ante</span> <span class='ocrx_word' id='word_1_315' title='bbox 982 3035 1152 3093; x_wconf 90' lang='lat' dir='ltr'>hodiernum</span> <span class='ocrx_word' id='word_1_316' title='bbox 1165 3032 1201 3087; x_wconf 73' lang='lat' dir='ltr'>at</span> 
     </span>
     <span class='ocr_line' id='line_1_37' title="bbox 169 3112 466 3183; baseline 0.003 -15"><span class='ocrx_word' id='word_1_317' title='bbox 169 3112 254 3183; x_wconf 87' lang='lat' dir='ltr'>diem,</span> <span class='ocrx_word' id='word_1_318' title='bbox 269 3112 466 3170; x_wconf 86' lang='lat' dir='ltr'>collocaretur.</span> 
     </span>
    </p>

    <p class='ocr_par' dir='ltr' id='par_1_4' title="bbox 164 3190 1198 3820">
     <span class='ocr_line' id='line_1_38' title="bbox 205 3190 1151 3267; baseline 0.002 -20"><span class='ocrx_word' id='word_1_319' title='bbox 205 3191 262 3248; x_wconf 93' lang='lat' dir='ltr'>IX.</span> <span class='ocrx_word' id='word_1_320' title='bbox 284 3190 346 3248; x_wconf 88' lang='lat' dir='ltr'>Hic</span> <span class='ocrx_word' id='word_1_321' title='bbox 365 3192 430 3265; x_wconf 91' lang='lat' dir='ltr'>quis</span> <span class='ocrx_word' id='word_1_322' title='bbox 442 3201 544 3267; x_wconf 85' lang='lat' dir='ltr'>¹potest</span> <span class='ocrx_word' id='word_1_323' title='bbox 567 3212 639 3264; x_wconf 88' lang='lat' dir='ltr'>esse,</span> <span class='ocrx_word' id='word_1_324' title='bbox 652 3193 795 3264; x_wconf 77' lang='lat' dir='ltr'>Quirites,</span> <span class='ocrx_word' id='word_1_325' title='bbox 819 3202 878 3250; x_wconf 89' lang='lat' dir='ltr'>tam</span> <span class='ocrx_word' id='word_1_326' title='bbox 904 3210 1019 3249; x_wconf 88' lang='lat' dir='ltr'>aversus</span> <span class='ocrx_word' id='word_1_327' title='bbox 1039 3210 1056 3249; x_wconf 89' lang='lat' dir='ltr'>a</span> <span class='ocrx_word' id='word_1_328' title='bbox 1075 3211 1151 3264; x_wconf 76' lang='lat' dir='ltr'>cero,</span> 
     </span>
     <span class='ocr_line' id='line_1_39' title="bbox 166 3271 1151 3348; baseline 0.003 -22"><span class='ocrx_word' id='word_1_329' title='bbox 166 3279 225 3326; x_wconf 89' lang='lat' dir='ltr'>tam</span> <span class='ocrx_word' id='word_1_330' title='bbox 238 3289 374 3345; x_wconf 68' lang='lat' dir='ltr'>preceps,</span> <span class='ocrx_word' id='word_1_331' title='bbox 390 3281 448 3328; x_wconf 91' lang='lat' dir='ltr'>tam</span> <span class='ocrx_word' id='word_1_332' title='bbox 463 3281 559 3329; x_wconf 89' lang='lat' dir='ltr'>mente</span> <span class='ocrx_word' id='word_1_333' title='bbox 574 3282 683 3348; x_wconf 90' lang='lat' dir='ltr'>captus,</span> <span class='ocrx_word' id='word_1_334' title='bbox 698 3273 747 3346; x_wconf 93' lang='lat' dir='ltr'>qui</span> <span class='ocrx_word' id='word_1_335' title='bbox 761 3281 857 3347; x_wconf 86' lang='lat' dir='ltr'>neget,</span> <span class='ocrx_word' id='word_1_336' title='bbox 881 3272 945 3328; x_wconf 77' lang='lat' dir='ltr'>hac</span> <span class='ocrx_word' id='word_1_337' title='bbox 967 3271 1072 3342; x_wconf 90' lang='lat' dir='ltr'>omnia,</span> <span class='ocrx_word' id='word_1_338' title='bbox 1087 3290 1151 3345; x_wconf 75' lang='lat' dir='ltr'>qum</span> 
     </span>
     <span class='ocr_line' id='line_1_40' title="bbox 164 3348 1149 3424; baseline 0.003 -19"><span class='ocrx_word' id='word_1_339' title='bbox 164 3349 305 3418; x_wconf 85' lang='lat' dir='ltr'>videmus,</span> <span class='ocrx_word' id='word_1_340' title='bbox 329 3348 530 3424; x_wconf 70' lang='lat' dir='ltr'>precipueque</span> <span class='ocrx_word' id='word_1_341' title='bbox 553 3351 630 3407; x_wconf 88' lang='lat' dir='ltr'>hanc</span> <span class='ocrx_word' id='word_1_342' title='bbox 658 3352 767 3420; x_wconf 88' lang='lat' dir='ltr'>urbem,</span> <span class='ocrx_word' id='word_1_343' title='bbox 792 3350 920 3407; x_wconf 87' lang='lat' dir='ltr'>Deorum</span> <span class='ocrx_word' id='word_1_344' title='bbox 948 3349 1149 3408; x_wconf 86' lang='lat' dir='ltr'>immortalium</span> 
     </span>
     <span class='ocr_line' id='line_1_41' title="bbox 166 3425 1198 3504; baseline 0.004 -20"><span class='ocrx_word' id='word_1_345' title='bbox 166 3437 236 3484; x_wconf 90' lang='lat' dir='ltr'>nutu</span> <span class='ocrx_word' id='word_1_346' title='bbox 246 3439 330 3503; x_wconf 87' lang='lat' dir='ltr'>atque</span> <span class='ocrx_word' id='word_1_347' title='bbox 338 3439 476 3504; x_wconf 89' lang='lat' dir='ltr'>potestate</span> <span class='ocrx_word' id='word_1_348' title='bbox 486 3429 701 3486; x_wconf 76' lang='lat' dir='ltr'>administrarit</span> <span class='ocrx_word' id='word_1_349' title='bbox 741 3429 867 3499; x_wconf 87' lang='lat' dir='ltr'>Etenim,</span> <span class='ocrx_word' id='word_1_350' title='bbox 882 3425 950 3486; x_wconf 85' lang='lat' dir='ltr'>ciun</span> <span class='ocrx_word' id='word_1_351' title='bbox 964 3439 1039 3486; x_wconf 88' lang='lat' dir='ltr'>esset</span> <span class='ocrx_word' id='word_1_352' title='bbox 1053 3430 1093 3487; x_wconf 89' lang='lat' dir='ltr'>ita</span> <span class='ocrx_word' id='word_1_353' title='bbox 1106 3449 1150 3488; x_wconf 88' lang='lat' dir='ltr'>re-</span> <span class='ocrx_word' id='word_1_354' title='bbox 1162 3427 1198 3481; x_wconf 84' lang='grc'>40</span> 
     </span>
     <span class='ocr_line' id='line_1_42' title="bbox 165 3507 1150 3584; baseline 0.005 -23"><span class='ocrx_word' id='word_1_355' title='bbox 165 3525 309 3581; x_wconf 89' lang='lat' dir='ltr'>sponsum,</span> <span class='ocrx_word' id='word_1_356' title='bbox 337 3508 441 3577; x_wconf 82' lang='lat' dir='ltr'>caedeS,</span> <span class='ocrx_word' id='word_1_357' title='bbox 469 3508 615 3578; x_wconf 89' lang='lat' dir='ltr'>incendia,</span> <span class='ocrx_word' id='word_1_358' title='bbox 643 3507 846 3582; x_wconf 90' lang='lat' dir='ltr'>interitumque</span> <span class='ocrx_word' id='word_1_359' title='bbox 879 3508 1044 3584; x_wconf 77' lang='lat' dir='ltr'>reipublicae</span> <span class='ocrx_word' id='word_1_360' title='bbox 1073 3528 1150 3566; x_wconf 87' lang='lat' dir='ltr'>com·</span> 
     </span>
     <span class='ocr_line' id='line_1_43' title="bbox 164 3583 1148 3665; baseline 0.002 -24"><span class='ocrx_word' id='word_1_361' title='bbox 164 3585 267 3660; x_wconf 88' lang='lat' dir='ltr'>parari,</span> <span class='ocrx_word' id='word_1_362' title='bbox 293 3583 336 3663; x_wconf 87' lang='lat' dir='ltr'>[et</span> <span class='ocrx_word' id='word_1_363' title='bbox 359 3605 394 3644; x_wconf 88' lang='lat' dir='ltr'>ea</span> <span class='ocrx_word' id='word_1_364' title='bbox 417 3606 466 3662; x_wconf 92' lang='lat' dir='ltr'>per</span> <span class='ocrx_word' id='word_1_365' title='bbox 490 3587 591 3665; x_wconf 65' lang='lat' dir='ltr'>cives]</span> <span class='ocrx_word' id='word_1_366' title='bbox 615 3606 677 3660; x_wconf 76' lang='lat' dir='ltr'>quie</span> <span class='ocrx_word' id='word_1_367' title='bbox 700 3597 761 3644; x_wconf 90' lang='lat' dir='ltr'>tum</span> <span class='ocrx_word' id='word_1_368' title='bbox 785 3597 896 3662; x_wconf 89' lang='lat' dir='ltr'>propter</span> <span class='ocrx_word' id='word_1_369' title='bbox 920 3588 1148 3663; x_wconf 85' lang='lat' dir='ltr'>magnitudinem</span> 
     </span>
     <span class='ocr_line' id='line_1_44' title="bbox 165 3663 1148 3735; baseline 0 -15"><span class='ocrx_word' id='word_1_370' title='bbox 165 3664 306 3722; x_wconf 85' lang='lat' dir='ltr'>scelerum</span> <span class='ocrx_word' id='word_1_371' title='bbox 333 3664 478 3721; x_wconf 90' lang='lat' dir='ltr'>nonnullis</span> <span class='ocrx_word' id='word_1_372' title='bbox 504 3664 687 3723; x_wconf 89' lang='lat' dir='ltr'>incredibilia</span> <span class='ocrx_word' id='word_1_373' title='bbox 712 3666 901 3735; x_wconf 82' lang='lat' dir='ltr'>videbantur3</span> <span class='ocrx_word' id='word_1_374' title='bbox 930 3685 966 3722; x_wconf 91' lang='lat' dir='ltr'>ea</span> <span class='ocrx_word' id='word_1_375' title='bbox 985 3685 1042 3722; x_wconf 91' lang='lat' dir='ltr'>non</span> <span class='ocrx_word' id='word_1_376' title='bbox 1062 3663 1148 3723; x_wconf 78' lang='lat' dir='ltr'>modo</span> 
     </span>
     <span class='ocr_line' id='line_1_45' title="bbox 165 3741 1150 3820; baseline -0.003 -21"><span class='ocrx_word' id='word_1_377' title='bbox 165 3742 321 3818; x_wconf 78' lang='lat' dir='ltr'>cogitatae</span> <span class='ocrx_word' id='word_1_378' title='bbox 334 3742 453 3801; x_wconf 83' lang='lat' dir='ltr'>nefariis</span> <span class='ocrx_word' id='word_1_379' title='bbox 467 3743 587 3815; x_wconf 88' lang='lat' dir='ltr'>civibus,</span> <span class='ocrx_word' id='word_1_380' title='bbox 601 3741 702 3802; x_wconf 75' lang='lat' dir='ltr'>veriam</span> <span class='ocrx_word' id='word_1_381' title='bbox 716 3744 803 3801; x_wconf 86' lang='lat' dir='ltr'>etiem</span> <span class='ocrx_word' id='word_1_382' title='bbox 817 3753 960 3820; x_wconf 91' lang='lat' dir='ltr'>suscepta,</span> <span class='ocrx_word' id='word_1_383' title='bbox 971 3761 1033 3800; x_wconf 91' lang='lat' dir='ltr'>esse</span> <span class='ocrx_word' id='word_1_384' title='bbox 1047 3742 1150 3799; x_wconf 84' lang='lat' dir='ltr'>sensis·</span> 
     </span>
    </p>
   </div>
   <div class='ocr_carea' id='block_1_3' title="bbox 0 0 1350 4484">
    <p class='ocr_par' dir='ltr' id='par_1_5' title="bbox 0 0 1350 4484">
     <span class='ocr_line' id='line_1_46' title="bbox 0 0 1350 4484; baseline 0 1"><span class='ocrx_word' id='word_1_385' title='bbox 0 0 1350 4484; x_wconf 95' lang='lat' dir='ltr'> </span> 
     </span>
    </p>
   </div>
  </div>
 </body>
</html>
