2692 4484
161 324 202 382 56
425 308 561 381 casulo
583 317 653 367 PRO
674 318 772 369 LEGE
793 310 960 367 malinam.

365 428 370 437 ι
481 428 488 449 t
514 436 525 447 .
581 414 589 439 ι
640 414 644 431 ¹
695 412 725 437 ψ’
910 440 912 447 .
964 440 967 447 s

211 462 247 521 ad
263 444 433 537 'expilandos
455 463 549 521 socios
566 426 797 537 didpiendasipue
817 451 989 538 provincias,
1011 481 1082 536 quos
1104 463 1200 522 volue·

210 551 286 609 runt,
300 540 411 617 legatos
428 541 579 615 eduxerint
587 554 606 613 a,
617 560 654 597 au
668 541 738 616 ipse,
753 540 837 615 cujus
850 541 918 616 lege
933 542 1010 599 salus
1025 560 1059 598 ac
1073 542 1200 618 dignitas

192 598 312 696 ‘populo
335 619 469 676 Romano
490 630 574 694 atque
593 619 727 676 omuibus
746 619 881 695 gentibus
901 600 1058 677 obustituta
1077 631 1130 692 est,
1151 641 1199 678 ex·

210 716 275 773 pers
288 716 351 754 esse
365 697 451 754 debet
470 697 568 774 gloria
588 697 650 772 ejus
670 697 848 773 imperatoris
869 707 954 772 atque
968 698 1030 774 ejus
1043 700 1197 771 exercitiis,

179 776 260 850 5qui
280 775 400 833 consilio
421 776 510 852 ipsius
537 790 621 851 atque
647 776 776 852 periculo
796 786 839 833 est
860 777 1051 834 constitutus?
1092 778 1140 835 Au
1161 778 1197 836 C.

212 853 370 925 Falcidius,
383 853 424 915 Q.
439 853 585 925 Metellus,
599 854 639 915 Q.
654 855 766 912 Coelius
786 854 972 926 Latiniensis,
986 856 1041 912 Cu.
1101 856 1199 914 utulus

214 932 297 1007 (quos
323 952 423 991 omues
450 933 564 990 honoris
591 933 681 990 causd
708 934 849 1012 nomino),
871 931 939 990 edm
969 935 1078 992 tribuni
1106 935 1198 1010 plebis

212 1011 341 1082 fuissent,
363 1030 438 1068 anuo
456 1011 584 1087 proximo
609 1011 698 1088 legati
724 1030 788 1069 esse
813 1021 984 1088 potuerunt3
1013 1013 1043 1069 in
1065 1012 1119 1070 hoc
1139 1032 1199 1071 uuo

150 1133 153 1137 .
211 1088 337 1147 Gabinio
356 1100 422 1147 sunt
441 1098 500 1146 tam
527 1090 689 1166 diligentes,
709 1091 759 1165 qui
786 1091 817 1147 iu
844 1092 900 1148 boc
926 1091 1010 1161 bello,
1032 1092 1108 1165 quod
1131 1091 1197 1168 lege
1257 1110 1270 1129 ⁸

164 1126 203 1275 114
211 1167 337 1224 Gabinia
350 1168 468 1244 geritur,
483 1168 513 1226 iu
534 1169 589 1225 boc
609 1167 778 1244 imperatore
798 1179 883 1244 atque
894 1170 1034 1241 exercitu,
1048 1189 1134 1244 quem
1146 1189 1197 1246 per

214 1243 294 1380 [ml
314 1247 373 1322 ipse
395 1246 552 1317 constituit,
566 1247 654 1305 etiam
675 1247 819 1324 praecipuo
837 1248 902 1324 jure
920 1267 983 1305 esse
1000 1248 1139 1306 deberetl
1160 1249 1198 1306 de

211 1343 267 1398 quo
297 1325 418 1402 egaudo,
439 1344 520 1401 spero
540 1325 672 1382 consules
693 1325 729 1382 ad
750 1337 882 1384 senatum
902 1326 1047 1383 relaturos.
1087 1326 1151 1388 Qui
1173 1327 1198 1384 si

212 1403 393 1474 dubitabunt,
414 1414 463 1461 aut
490 1405 702 1480 gravabuntur;
731 1423 786 1481 ego
806 1423 852 1462 me
871 1405 1003 1480 profiteor
1023 1404 1196 1474 relaturum;

211 1500 305 1556 neque
324 1501 371 1540 me
392 1483 527 1558 impediet
544 1482 722 1557 cujusquam,
735 1482 878 1553 Quirites,
894 1483 1044 1540 inimicum
1058 1485 1196 1554 edictum,

163 1565 197 1619 15
211 1558 372 1634 quomiuds,
398 1561 486 1618 fretus
509 1561 598 1631 vobis,
623 1572 748 1645 vestrpm
773 1561 819 1638 jus
843 1562 1073 1636 beneficiumque
1100 1561 1198 1618 desen·

211 1638 295 1695 dam:
319 1658 422 1714 neque,
442 1651 543 1715 praeter
564 1630 809 1710 iuteicbssiduem,
830 1641 986 1716 quidquam
1007 1642 1138 1710 audiam;
1160 1640 1198 1697 de

210 1718 267 1791 qud
282 1716 328 1793 (ut
350 1718 483 1794 arbitror)
499 1718 544 1775 isti
567 1718 629 1793 ipsi,
643 1719 692 1793 qui
714 1719 869 1789 minantur,
883 1720 970 1776 etiam
993 1729 1078 1794 atque
1098 1719 1196 1789 etiam,

210 1795 279 1869 quid
293 1796 388 1866 liceat,
403 1797 632 1854 considerabunt.
675 1796 744 1854 Mea
758 1798 874 1872 quidem
888 1798 1040 1868 sententia,
1054 1797 1197 1869 Quirites,

212 1892 286 1930 uuus
299 1875 335 1931 A.
350 1874 502 1947 Gabinius,
517 1875 592 1969 belli,
605 1876 742 1937 maritimi
763 1895 914 1950 rerumque
927 1887 1072 1952 gestarum
1087 1886 1196 1947 auctor,

160 1956 197 2009 20
211 1970 308 2009 comes
328 1953 382 2009 Gn.
397 1952 533 2030 Pompeio
547 1954 736 2011 adscribitur:
756 1967 905 2030 propterea
919 1953 996 2028 qudd
1011 1955 1081 2011 alter
1095 1955 1146 2011 uni
1165 1955 1196 2011 id

201 2030 317 2105 ‚bellum
338 2033 551 2108 suscipiendum
572 2033 673 2089 vestris
687 2033 831 2113 suffragiis
845 2032 963 2102 detulit;
985 2032 1055 2090 alter
1070 2033 1197 2090 delatum

245 2121 430 2185 saeptumque
444 2111 577 2191 confecit.
710 2124 734 2167 ,f
757 2164 766 2175 ,
832 2160 834 2177 2
880 2160 884 2169 .
1132 2144 1140 2171 ,·
1217 2118 1256 2167 <f
1284 2110 1288 2121 '

235 2187 319 2265 3XX.
349 2188 507 2264 Reliquum'
531 2200 583 2260 est,
605 2200 636 2248 ut
656 2191 693 2248 de
712 2190 874 2263 &Catuli
894 2192 1063 2250 auctoritate
1084 2200 1112 2249 et
1132 2210 1195 2248 sen·

209 2262 300 2323 tentia
314 2266 469 2325 dicendum
484 2276 547 2326 esse
560 2268 698 2329 videatur.
723 2262 803 2332 ’Qii
817 2267 885 2328 curn
898 2289 934 2327 ex
947 2270 1027 2328 vobis
1046 2264 1195 2346 quaereret,¹
1214 2299 1220 2308 ·

161 2350 195 2402 25
209 2344 233 2400 si
254 2344 283 2401 iu
308 2364 366 2403 uuo
385 2345 440 2403 Cu.
460 2346 595 2422 Pompeio
614 2348 712 2406 omnla
730 2350 883 2424 poneretis,
900 2349 925 2406 si
946 2350 1014 2424 quid
1034 2368 1070 2406 eo
1087 2346 1194 2405 factum

209 2433 294 2491 esset,
309 2423 339 2479 in
361 2442 418 2497 quo
435 2443 513 2498 spem
537 2426 638 2482 essetis
660 2426 803 2496 habituri;
825 2427 901 2503 cepit
917 2446 1054 2503 magnum
1067 2446 1127 2484 suae
1141 2426 1194 2483 vir·

209 2501 279 2555 tutis
299 2499 434 2571 fructum,
452 2520 487 2559 ac
507 2501 747 2577 dignitatatem
765 2524 874 2576 omnes,
888 2504 973 2581 prope
993 2505 1052 2561 unt
1070 2524 1149 2574 voce,
1165 2505 1193 2562 iu

153 2638 161 2653 ο
209 2596 245 2633 eo
266 2578 326 2654 ipso
347 2597 395 2635 vos
416 2598 495 2655 spem
518 2580 663 2638 habituros
686 2601 749 2640 esse
773 2584 892 2641 dixistis.
935 2583 1050 2640 Etenim
1068 2583 1134 2640 talis
1151 2593 1192 2640 est

209 2655 261 2723 air,
277 2666 308 2713 ut
329 2657 410 2739 pulla
431 2677 477 2715 res
496 2669 577 2716 tanta
594 2660 631 2716 sit
653 2679 689 2717 ao
706 2671 765 2721 tam
784 2662 919 2732 difficilis,
933 2680 1017 2736 quam
1033 2662 1082 2723 ille
1095 2682 1152 2720 nou
1163 2671 1191 2720 et

160 2744 196 2796 30
210 2735 330 2792 consilio
350 2755 459 2812 regere,
474 2748 503 2795 et
523 2737 687 2814 integritate
707 2741 792 2810 tueri,
806 2751 836 2797 et
849 2741 953 2797 virtute
967 2734 1120 2810 conficere,
1133 2760 1184 2816 pos
1241 2740 1245 2747 ¹

210 2812 254 2869 sit.
296 2815 355 2870 Sed
377 2815 406 2872 in
428 2816 483 2873 hoc
505 2816 565 2892 ipso
582 2817 618 2874 ab
631 2836 666 2875 eo
679 2816 929 2876 vehementissima}
944 2818 1092 2889 dissentio,
1104 2817 1183 2894 qudd

209 2911 265 2966 quo
285 2889 381 2949 mimis
401 2904 481 2951 certa
503 2905 546 2952 est
566 2895 715 2953 homiuum
737 2916 772 2955 ac
793 2895 891 2954 mimis
908 2897 1045 2954 diuturna
1058 2898 1125 2966 vita,
1140 2898 1192 2954 hoc

209 2970 302 3047 magis
319 2972 490 3048 respublica,
504 2972 574 3030 dum
586 2994 636 3050 per
655 2974 733 3032 Deos
751 2976 926 3033 immortales
943 2976 1022 3045 licet,
1036 2976 1093 3033 frui
1110 2975 1191 3032 debet

209 3049 312 3106 summi
328 3050 450 3108 hominis
464 3052 522 3108 vitri
537 3063 621 3129 atque
635 3054 747 3112 virtute.

159 3139 195 3192 35
249 3130 290 3186 At
303 3129 380 3186 enim
395 3130 466 3187 nibil
481 3132 546 3188 novi
566 3131 615 3188 fiat
636 3143 736 3190 contra
749 3132 880 3209 exempla
894 3142 978 3208 atque
993 3133 1123 3189 instituta
1135 3150 1184 3188 ma

205 3209 307 3282 jorum.
349 3208 417 3267 Non
437 3210 503 3267 dieo
525 3211 579 3268 hoc
597 3210 670 3281 loco,
685 3211 806 3287 majores
819 3223 929 3271 nostros
943 3229 1064 3286 semper,
1079 3211 1108 3267 iu
1121 3229 1195 3286 pace

209 3280 419 3358 consuetudini,
442 3287 472 3345 in
494 3289 569 3346 bello
590 3289 717 3360 utilitati,
730 3290 884 3365 ,paruisse;
906 3278 1027 3365 suuper,
1051 3288 1085 3345 ad
1108 3307 1195 3361 novos

209 3383 294 3420 casus
319 3376 488 3441 temporum,
512 3386 648 3425 uovorum
676 3364 860 3426 consiliorum
876 3369 1013 3426 'rationes
1035 3376 1217 3426 accommo‘

209 3441 293 3499 dalsse
304 3462 315 3509 z,
332 3462 388 3500 nou
411 3445 517 3514 dicam,
532 3446 589 3502 duo
610 3445 686 3502 bella
707 3447 842 3517 maxima,
856 3447 1000 3504 Punicum
1014 3456 1044 3503 et
1060 3443 1195 3520 Hispani·

160 3528 194 3582 4ο
208 3522 288 3590 ense,
310 3520 346 3576 ab
367 3539 425 3578 uno
448 3522 616 3597 imperatore
637 3543 701 3582 esse
722 3526 870 3595 confecta;
898 3527 971 3583 duas
992 3525 1078 3582 urbes
1099 3536 1195 3599 poten·

208 3598 342 3667 tissimas‚
353 3617 416 3674 quae
427 3599 496 3657 huic
510 3600 629 3675 imperio
641 3601 766 3660 maxime
781 3605 975 3674 minabantur,
986 3602 1195 3677 Carthaginem

210 3686 294 3751 atque
320 3676 519 3748 Numantiam,
543 3679 579 3734 ab
606 3681 707 3737 eodem
736 3683 872 3760 Scipione
895 3693 959 3740 esse
982 3681 1108 3739 deletas:
1136 3694 1195 3737 nou

113 3763 118 3776 “
153 3754 156 3763 '
209 3756 446 3826 commemorabo,
458 3776 547 3831 uuper
561 3757 602 3814 ita
612 3758 692 3815 vobis
704 3761 889 3836 patribusque
902 3761 1004 3818 vestris
1017 3758 1194 3829 assemsum,

209 3845 240 3895 ut
261 3835 291 3893 in
312 3855 370 3894 uuo
396 3835 430 3892 C.
455 3834 549 3893 Mario
570 3855 634 3911 spes
656 3838 766 3913 imperii
788 3850 951 3914 poneretur,
974 3847 1006 3895 ut
1028 3837 1104 3894 idem
1127 3855 1194 3894 cum
