2692 4484
173 332 233 397 tn'
355 391 360 401 ,
420 331 602 449 οιιΑτῃοιι.
624 331 663 380 tn
686 332 718 381 a.
740 333 956 384 cammerata.
1039 368 1061 409 s

253 476 260 488 .
506 409 579 485 sib*
595 442 684 486 [ΑΨ
704 399 841 611 {stiffi-I
868 398 1216 535 Qffffjlititb

221 495 385 546 miserans
407 494 459 531 mr
481 493 559 549 ripsr
573 493 706 532 venissen
722 520 729 545 ‚
744 495 782 550 qu
829 496 883 553 ego
894 497 954 553 Jam
969 497 1018 535 mu
1052 498 1191 539 sacsum

221 554 277 612 mis
290 555 358 612 viris
372 554 409 610 ad
423 571 469 610 nte
483 553 513 609 id
527 554 663 628 temporis
677 554 795 611 ventur'
825 575 889 613 esse
902 557 1099 631 praedixeram.

217 646 224 669 ²
261 633 298 690 V.
331 632 410 693 Qum
424 629 493 688 ciam
508 631 548 703 ita
561 631 629 702 sint,
643 631 782 703 Catilina,
793 653 891 710 perge,
903 633 960 709 qud
972 636 1101 711 coepisti:
1121 655 1203 712 egre·

222 712 290 768 dere
311 710 466 785 aliquando
479 728 516 767 ex
529 710 617 767 urbe:
638 721 740 786 patent
790 724 855 769 rtae:
876 713 1067 788 proficiscere.
1108 714 1220 772 Nimi·¹

185 791 204 843 5
222 787 271 847 rim
285 787 336 846 diu
350 800 379 846 te
393 789 595 864 imperatorem
617 788 668 845 illa
686 799 737 846 tua
751 730 905 848 ffanliana
918 802 1012 849 castra
1026 792 1200 851 desiderant.

221 867 306 925 Educ
326 877 424 925 tecum
444 866 533 924 etiam
552 885 654 924 omnes
673 877 758 937 tuos3
779 869 803 924 si
823 868 931 941 minias,
945 869 1031 945 quarn
1045 872 1200 947 plurimos:

220 964 313 1023 purga
332 946 442 1003 urbem.
483 945 595 1021 Magno
616 965 663 1004 me
683 956 763 1003 metu
783 947 930 1020 liberabis,
950 950 1106 1013 dummodo
1126 951 1201 1007 inter

220 1042 268 1081 me
283 1035 368 1099 atque
381 1034 410 1082 te
423 1043 523 1081 murus
541 1024 662 1081 intersit.
696 1024 867 1084 Nobiscum
886 1028 995 1085 versari
1012 1028 1072 1103 jam
1092 1027 1202 1085 diutids

220 1121 278 1161 non
292 1113 391 1179 potes:
412 1121 471 1160 non
486 1102 586 1174 feram,
601 1123 659 1160 non
674 1104 777 1179 patiar,
791 1123 849 1162 non
864 1105 968 1164 sinam.
1010 1105 1121 1183 Magna
1135 1106 1202 1163 Diis

170 1180 204 1234 10
220 1181 429 1239 immortalibus
443 1182 577 1238 habenda
587 1193 631 1239 est
641 1183 744 1258 gratia,
758 1192 842 1258 atque
853 1184 924 1242 buic
935 1185 990 1260 ipsi
1003 1184 1068 1241 Jori
1084 1186 1201 1256 Statori,

221 1258 418 1336 antiquissimo
432 1260 544 1318 custodi
559 1260 645 1336 hujus
658 1260 748 1331 urbis,
762 1262 841 1336 quod
855 1264 932 1320 hanc
946 1275 1005 1320 tam
1018 1273 1131 1334 tetram,
1142 1274 1202 1320 tam

220 1338 397 1410 horribilem,
418 1349 533 1414 tamque
555 1338 690 1396 infestam
710 1339 888 1415 reipublice,
909 1354 1020 1418 pestem
1039 1342 1124 1399 toties
1140 1341 1201 1417 jam

219 1417 382 1493 effugimus.
423 1416 491 1474 Non
506 1426 550 1477 est
564 1418 669 1493 sapius
684 1417 713 1474 in
729 1437 789 1475 uno
802 1420 921 1477 homine
935 1422 1013 1477 salus
1027 1439 1140 1477 summa
1152 1439 1203 1496 pe·

219 1495 375 1553 riclitanda
400 1495 576 1570 reipublicae.
617 1496 770 1563 Quamdiu
796 1497 878 1567 mihi,
900 1499 1014 1555 consuli
1042 1499 1201 1574 designato,

169 1582 203 1636 15
220 1573 358 1644 Catilina,
373 1574 526 1649 insidiatus
540 1592 581 1643 es,
596 1593 654 1631 non
676 1575 794 1649 publico
808 1593 854 1631 me
868 1576 1011 1650 prasidio,
1026 1576 1077 1632 sed
1092 1576 1202 1651 privata

220 1651 380 1729 diligentia,
402 1651 527 1709 delendi.
568 1650 657 1722 Ciam,
679 1652 815 1727 proximis
842 1653 968 1710 comitiis
989 1654 1201 1725 consularibus,

220 1749 267 1788 me
289 1731 437 1789 consulem
459 1730 489 1787 in
512 1731 634 1805 Campo,
656 1740 686 1787 et
711 1731 913 1805 competitores
939 1745 1013 1802 tuos,
1039 1730 1202 1789 interficere

219 1809 351 1879 noluisti;
381 1807 537 1885 compressi
565 1818 631 1865 tuos
657 1807 783 1865 nefarios
807 1820 930 1866 conatus
951 1810 1111 1867 amicorum
1130 1807 1203 1885 prae-

220 1887 293 1944 sidio
313 1897 343 1944 et
363 1887 464 1963 copiis,
478 1886 558 1944 nullo
577 1887 704 1945 tumultu
723 1886 840 1962 publice
860 1888 1015 1945 concitato.
1057 1888 1202 1963 Denique,

167 1973 204 2027 20
220 1966 448 2041 quotiescunque
461 1984 508 2023 me
522 1964 630 2041 petisti,
643 1984 695 2041 per
708 1984 755 2023 me
776 1965 829 2022 tibi
848 1966 963 2036 obstiti;
984 1985 1149 2042 quanquam
1163 1968 1204 2023 vi·

221 2045 336 2117 debam,
349 2044 509 2121 perniciem
531 2063 627 2103 meam
647 2063 717 2101 cum
733 2045 840 2141 magni
854 2045 1020 2103 calamitate
1034 2045 1202 2121 reipublicae

219 2142 283 2181 esse
298 2125 493 2200 conjunctam.
535 2124 565 2182 N
568 2122 695 2200 uncjam
707 2135 805 2200 aperte
817 2125 1025 2201 rempublicam
1038 2126 1202 2182 universam

220 2203 311 2279 petis:
333 2204 440 2280 templa
453 2205 581 2261 Deorum
594 2203 809 2276 immortalium,
821 2214 901 2262 tecta
914 2204 1003 2275 urbis,
1012 2204 1099 2260 vitam
1111 2201 1203 2259 ornni·

167 2354 204 2408 25
220 2301 270 2339 um
285 2282 402 2353 civium,
417 2282 531 2340 Italiam
546 2284 671 2359 denique
686 2294 786 2356 totam,
802 2285 838 2342 ad
858 2284 978 2343 exitium
999 2293 1029 2341 et
1041 2281 1202 2340 vastitatem

221 2379 315 2419 vocas.

258 2438 371 2507 Quare,
385 2439 522 2512 quoniam
535 2438 575 2508 id,
590 2438 665 2513 qnod
680 2438 815 2513 primum,
828 2448 914 2510 atque
928 2438 1014 2509 hujus
1025 2437 1136 2510 imperii
1147 2436 1203 2493 dis·

220 2514 391 2589 ciplinaeque
419 2514 560 2589 majorum
581 2514 727 2588 proprium
748 2521 804 2582 est,
824 2512 919 2568 facere
940 2513 1077 2568 nondum'
1091 2513 1201 2583 aude03

220 2591 325 2649 faciam
340 2592 380 2661 id,
397 2592 474 2666 quod
488 2602 532 2648 est
547 2591 583 2647 ad
605 2590 787 2648 severitatem
806 2588 910 2659 lenius,
924 2599 954 2645 et
968 2590 1004 2646 ad
1018 2608 1202 2648 communem

146 2730 151 2737 ,
220 2671 342 2728 salutem
355 2670 463 2727 utilius.
504 2668 593 2740 Nam,
608 2669 632 2726 si
646 2679 675 2725 te
690 2666 815 2724 interfici
826 2666 950 2742 jussero,
963 2668 1102 2724 residebit
1115 2667 1212 2725 in·re·'

167 2753 203 2808 30
218 2748 336 2825 publica
349 2748 459 2824 reliqua
473 2748 686 2824 conjuratorum
701 2763 821 2815 manus3
843 2745 889 2802 sin
902 2756 934 2802 tn
947 2743 1037 2821 (quod
1050 2755 1080 2802 te
1090 2744 1203 2820 jamdu·
1242 2792 1244 2794 v

219 2828 288 2884 dum
313 2828 423 2907 hortor)
438 2828 554 2897 exieris,
568 2824 753 2882 exhaurietur
775 2843 812 2881 ex
834 2824 904 2880 urbe
926 2834 1040 2880 tuorum
1063 2823 1202 2880 comitum

219 2906 534 2982 magnaetperniciosa
544 2904 659 2961 sentina
672 2900 878 2985 [reipublicm}.
898 2901 982 2962 Quid
990 2911 1044 2972 est,
1053 2901 1202 2959 Catilinal

219 3003 289 3042 num
304 2984 418 3042 dubitas
432 2985 472 3055 id,
487 3004 533 3041 me
547 2983 718 3058 imperante,
733 2980 839 3051 facere,
853 2980 929 3055 quod
947 2980 1008 3056 jam
1029 2981 1080 3038 tui
1101 2990 1203 3057 sponte

165 3106 167 3109 ψ
220 3062 367 3121 faciebasl
397 3063 485 3120 Exire
493 3062 608 3120 exurbc
620 3060 722 3118 consul
734 3058 954 3135 hostemjubet:
975 3059 1136 3137 interrogas
1144 3078 1202 3131 me,

121 3146 125 3153 '
167 3145 203 3200 35
220 3162 289 3201 num
305 3143 334 3201 in
348 3142 503 3200 exsiliuml
535 3139 603 3198 Non
616 3139 721 3216 jubeo:
743 3138 804 3209 sed,
819 3138 844 3195 si
858 3157 905 3196 me
919 3138 1057 3209 consulis,
1071 3139 1188 3196 suadeo.

260 3222 314 3280 VI.
354 3220 442 3283 Quid*
457 3220 546 3291 enim,
561 3219 699 3290 Catilina,
714 3227 768 3289 est,
782 3219 858 3293 quod
872 3229 902 3275 te
919 3217 980 3293 jam
1002 3218 1032 3275 in
1053 3219 1109 3275 haic
1131 3217 1204 3273 urbe

221 3301 367 3359 delectare
380 3298 492 3376 possitl
513 3299 543 3355 in
562 3299 618 3373 qui
638 3316 726 3355 nemo
744 3307 788 3354 est
809 3296 905 3373 (extra
925 3296 1010 3352 istam
1031 3294 1203 3370 conjuratio·

221 3399 288 3437 nem
308 3379 484 3456 perditorum
505 3377 681 3454 hominum),
696 3376 746 3450 qui
766 3385 795 3431 te
815 3394 873 3431 non
895 3382 1023 3442 metuat3
1044 3392 1140 3444 nemo,
1154 3372 1203 3448 qui

221 3478 279 3515 non
299 3457 400 3515 oderit.
440 3455 518 3516 Quae
539 3464 608 3512 nota
628 3453 795 3525 domesticae
822 3450 1008 3526 turpitudinis
1027 3469 1086 3508 non
1107 3452 1203 3508 inusta

168 3538 203 3590 40
221 3537 287 3593 vitae
300 3546 357 3593 tuae
371 3535 436 3592 estl
457 3532 533 3607 quod
545 3532 720 3608 privatarum
731 3549 827 3587 rerum
838 3530 966 3586 dedecus
977 3548 1034 3586 non
1046 3530 1134 3586 haeret
1147 3527 1204 3606 [in-

162 3630 182 3677 ἒ·
222 3615 352 3694 famiae]l
373 3631 436 3689 quae
456 3611 545 3668 libido
567 3611 603 3667 ab
622 3610 725 3680 oculis,
740 3609 815 3684 quod
837 3607 951 3665 facinus
966 3627 983 3664 a
996 3607 1130 3664 manibus
1151 3627 1204 3664 un·

221 3712 307 3768 quarn
321 3693 388 3761 tuis,
399 3690 474 3766 quod
489 3689 628 3766 flagitium
645 3707 662 3745 a
675 3699 734 3747 toto
748 3705 877 3762 corpore,
894 3685 1005 3742 abfuit?
1039 3685 1095 3741 Cui
1109 3696 1139 3743 tu
1155 3686 1204 3743 ad·

221 3771 409 3841 olescentulo,
423 3784 508 3844 quem
523 3766 750 3842 corruptelarum
762 3750 906 3822 illecebris
921 3762 1069 3829 irretisses,
1082 3783 1139 3820 non
1155 3775 1203 3822 aut

223 3851 258 3908 ad
280 3849 432 3908 audaciam
453 3848 570 3919 serrum,
592 3856 642 3904 aut
668 3846 706 3903 ad
732 3844 884 3904 libidinem
911 3843 1014 3913 facem,
1034 3843 1202 3919 pretulistil
