2692 4484
356 318 494 368 ortA'rlo
516 318 587 368 PRO
607 318 640 367 Τ.
661 317 779 368 ANNIO
800 314 960 376 minoris..
1144 320 1201 380 109

150 473 275 541 gereret,
289 464 401 522 deferre
423 482 530 539 posses.
572 462 611 520 Et
626 459 757 537 adspexit
776 479 824 518 me
844 459 902 518 illis
914 459 1034 535 quidem
1047 459 1150 533 oculis,

151 543 257 619 quibus
270 553 331 602 tum
344 543 465 615 solebat,
479 540 548 600 cirm
569 540 668 601 omnia
687 538 822 598 omnibus
833 539 1008 598 minabatur.
1051 538 1152 598 Movet

152 642 200 682 mc
214 622 319 699 quippe
332 623 432 683 lumen
453 621 551 680 curiae.
759 657 765 670 ·

191 701 281 760 XIII.
315 701 422 764 Quidt
442 711 475 759 tu
498 720 546 759 ms
570 699 687 771 iratum,
708 699 806 770 Sexte,
819 707 904 774 putas
927 696 989 772 tibi,
1011 695 1096 774 cujus
1116 707 1149 756 tu

152 779 383 839 inimicissimam
396 778 488 838 multd
509 778 657 838 crudelids
681 777 769 836 etiam
791 777 909 854 punitus
921 796 963 849 es,
977 775 1065 854 qudrn
1085 786 1149 835 erat
1183 789 1201 843 5

152 860 340 919 humanitatis
353 879 426 919 mere
439 859 607 936 postularet
648 856 700 915 Tu
719 857 752 915 P.
767 856 864 915 Clodii
887 867 1038 915 cruentum
1059 857 1148 915 cada·

152 958 201 998 ver
231 940 344 1016 ejecisti
367 940 463 1010 domo,
487 950 520 995 tu
547 938 578 996 in
597 936 748 1012 publicum
769 935 918 1011 abjecisti:
938 945 971 993 tu
993 935 1147 1012 spoliatum
1251 953 1257 961 ·

153 1017 339 1109 imaginibus,
353 1016 508 1093 exsequiis,
521 1016 636 1093 pompd,
649 1014 825 1084 laudatione,
837 1013 1040 1072 infelicissimis
1059 1014 1147 1090 lignis
1183 1033 1187 1038 ·

153 1098 396 1168 semiustulatum,
429 1094 579 1155 nocturnis
611 1093 733 1153 canibus
766 1092 965 1151 dilaniandum
997 1093 1144 1168 reliquisti.
1231 1161 1237 1170 .

153 1176 256 1238 Quam
282 1194 345 1233 rem
372 1173 426 1233 etsi
453 1172 563 1233 nefarie
594 1170 699 1242 fecisti,
727 1182 835 1242 tamen,
863 1171 998 1247 quoniam
1025 1172 1056 1231 in
1081 1192 1147 1232 meo
1164 1180 1199 1235 10

155 1253 275 1312 inimico
289 1253 491 1312 crudelitatem
505 1251 702 1329 exprompsisti
716 1261 807 1324 tuam,
821 1251 940 1310 laudare
953 1271 1010 1310 non
1019 1271 1145 1329 possum,

155 1330 244 1389 irasci
258 1331 338 1390 certe
353 1353 410 1391 non
424 1333 523 1390 debeo.

194 1411 227 1469 P.
256 1411 353 1470 Clodii
378 1421 530 1488 praeturam
557 1430 615 1468 non
642 1409 706 1469 sine
733 1409 859 1468 maximo
885 1428 982 1467 rerum
1008 1429 1146 1467 novarum

155 1500 234 1547 metu
246 1489 376 1566 proponi,
389 1500 419 1548 et
431 1490 553 1549 solutam
566 1490 626 1548 fore
647 1488 799 1561 videbatis,
813 1487 870 1547 nisi
893 1497 969 1546 esset
991 1489 1015 1546 is
1036 1490 1145 1563 consul,

153 1568 203 1644 qui
230 1588 295 1627 eam
325 1569 444 1627 auderet
472 1579 626 1645 possetque
653 1568 781 1627 constrin
802 1588 860 1626 ere.
902 1567 980 1625 Eum
1006 1566 1145 1631 Milonem
1164 1565 1198 1619 15

152 1666 226 1719 esse,
240 1645 309 1706 cina
332 1647 452 1706 sentiret
465 1648 616 1707 universus
638 1648 762 1725 populus
782 1589 957 1718 itomanam
980 1647 1045 1723 quis
1065 1646 1147 1705 dubi·

41 1765 44 1770 <
152 1736 234 1799 taret,
249 1726 386 1803 suffragio
398 1747 460 1799 suo,
474 1747 506 1786 se
519 1738 609 1799 metu,
623 1727 754 1804 periculo
767 1726 987 1804 rempublicam,
1000 1726 1146 1787 liberaret

152 1807 193 1864 At
209 1803 306 1886 [nom]
331 1806 363 1865 P.
378 1798 483 1866 Clodio
505 1817 624 1878 remoto,
648 1807 763 1878 usitatis
783 1806 844 1884 jam
867 1807 954 1865 rebus
977 1805 1146 1864 enitendum

150 1895 195 1942 est
218 1884 333 1958 Miloni,
359 1895 393 1944 nt
418 1896 534 1945 tueatur
561 1885 733 1963 dignitatem
759 1904 850 1943 suam.
903 1883 1065 1963 Singularis
1085 1885 1145 1957 illa,

151 1964 221 2022 huic
235 1963 285 2023 uni
299 1984 439 2023 concessa
452 1964 553 2042 gloria,
567 1985 632 2040 quae
655 1965 783 2041 quotidie
798 1965 958 2042 augebatur
978 1964 1145 2042 frangendis
1161 1969 1197 2025 20

152 2043 295 2101 furoribus
318 2044 478 2117 Clodianis,
500 2045 560 2121 jam
584 2054 675 2102 morte
699 2044 795 2103 Clodii
809 2044 924 2103 cecidit.
967 2044 1028 2102 Vos
1048 2042 1145 2119 adepti

151 2121 229 2193 estis,
245 2142 282 2180 ne
297 2142 383 2198 quern
397 2122 490 2180 civem
503 2122 689 2182 metueretis:
710 2124 758 2182 hic
772 2123 1008 2183 exercitationem
1021 2121 1142 2196 virtutis,

151 2200 387 2277 suffragationem
414 2202 590 2274 consulatds,
619 2203 727 2261 fontem
757 2222 914 2280 perennem
945 2203 1043 2279 glorrae
1073 2221 1142 2275 suae,

151 2280 286 2355 perdidit.
327 2279 431 2356 Itaque
450 2280 569 2340 Milonis
592 2283 768 2354 consulatus,
783 2282 842 2359 qui,
856 2282 921 2340 vivo
940 2281 1053 2354 Clodio,
1066 2281 1144 2340 labe-

152 2358 254 2416 factari
268 2379 326 2417 non
339 2370 459 2435 poterat,
474 2371 586 2421 mortuo
598 2361 724 2437 denique
738 2361 843 2421 tentari
857 2371 968 2438 coeptus
982 2371 1033 2420 est.
1074 2360 1144 2422 Non
1160 2362 1196 2416 25

151 2437 348 2575 ffil‘llgitm
371 2439 442 2497 nihil
466 2441 591 2517 prodest,
615 2442 667 2499 sed
689 2442 771 2500 obest
791 2441 888 2514 etiam
903 2442 935 2500 P.
950 2441 1046 2500 Clodii
1066 2460 1143 2500 mors

186 2536 264 2576 roni.

189 2598 231 2654 At
250 2596 341 2655 valuit
361 2598 479 2669 odium3
501 2598 570 2657 fecit
594 2599 702 2669 iratus;
724 2599 794 2659 fecit
817 2599 970 2670 inimicus3
992 2598 1046 2657 fuit
1065 2599 1140 2659 ultor

148 2673 269 2751 injuriae,
283 2675 398 2753 punitor
412 2677 516 2737 doloris
530 2678 584 2737 sui.
624 2678 731 2741 Quidt
752 2679 777 2737 si
790 2681 863 2752 hac,
873 2698 931 2737 non
945 2678 1021 2751 dico,
1031 2679 1141 2757 majora

148 2754 264 2813 fuerunt
277 2755 308 2814 in
322 2756 435 2829 Clodio,
449 2755 537 2832 quirin
551 2757 581 2816 in
596 2757 718 2829 Milone,
732 2760 782 2817 sed
803 2759 833 2817 in
847 2759 896 2816 illo
909 2758 1045 2829 maxima,
1059 2759 1141 2817 nulla
1156 2761 1193 2817 30

148 2832 177 2890 in
192 2835 264 2907 hoc;
286 2836 356 2912 quid
375 2835 461 2894 vultis
481 2836 626 2912 amplius?
666 2837 751 2899 Quid
774 2837 852 2896 eninr
874 2837 981 2895 odisset
1004 2837 1140 2895 Clodium

148 2910 229 2985 Milo,
254 2925 383 2991 segetem
407 2934 442 2974 ac
465 2916 618 2973 materiam
641 2934 700 2972 sure
724 2916 832 2993 gloriae,
854 2917 1034 2992 praeterlaec
1055 2915 1139 2975 civile

146 2991 255 3064 odium,
269 3013 326 3068 quo
338 3012 439 3051 omnes
459 2994 603 3069 improbos
625 2994 761 3053 odimusl
802 2994 867 3067 Ille,
881 3005 958 3068 erat,
967 2995 1139 3066 nt'odisset,

147 3068 272 3144 primirm
295 3071 476 3130 defensorem
499 3073 600 3130 salutis
622 3092 705 3143 meae,
730 3073 836 3132 deinde
849 3085 1012 3132 vexatorem
1026 3072 1139 3145 furoris,

147 3148 317 3207 domitorem
338 3169 481 3208 armorum
502 3170 628 3222 suorum,
654 3150 799 3228 postremo
827 3153 915 3210 etiam
943 3161 1140 3210 accusatorem
1156 3163 1192 3217 35

146 3246 250 3285 snum:
272 3248 340 3287 reus
362 3228 440 3287 enirn
462 3228 591 3301 Milonis,
614 3230 679 3307 lege
703 3230 807 3303 Plotia,
821 3232 877 3290 luit
900 3231 1030 3301 Clodius,
1045 3232 1139 3305 quoad

146 3305 224 3364 vixit.
264 3307 336 3369 Quo
359 3309 476 3366 tandem
501 3308 597 3368 animo
620 3311 676 3367 hoc
698 3320 853 3387 tyrannum
876 3309 976 3368 tulisse
999 3309 1138 3368 creditisl

144 3395 284 3523 quantun?
307 3387 407 3446 odium
434 3387 521 3459 illius,
543 3396 581 3459 et,
603 3386 633 3445 in
660 3389 777 3448 homine
795 3388 915 3466 injusto,
943 3387 1030 3465 quam
1049 3389 1137 3448 etiam

68 3517 74 3526 ,
150 3475 260 3540 justum

183 3543 267 3602 xlv.
289 3545 449 3621 Reliquum
472 3554 526 3616 est,
551 3555 583 3602 ut
603 3544 664 3622 jam
688 3545 769 3604 illum
782 3557 886 3605 natura
906 3545 995 3623 ipsius
1016 3568 1136 3607 consue·
1153 3554 1189 3610 40

145 3623 271 3697 tudoque
285 3624 431 3695 defendat,
445 3625 524 3682 hunc
539 3634 636 3684 autem
650 3626 713 3684 haec
726 3626 828 3684 eadem
843 3637 1010 3703 coarguant.
1052 3627 1149 3690 Nihil.

145 3720 196 3776 per
210 3701 266 3758 vim
280 3707 406 3778 unquam
420 3702 549 3775 Clodius,
563 3704 662 3762 omnia
682 3724 734 3781 per
757 3705 816 3763 vim
830 3704 912 3763 Milo.
952 3705 1037 3767 Quid
1056 3724 1135 3782 ergo,

151 3779 287 3855 judices?
307 3779 385 3852 crim,
399 3781 587 3840 moerentibus
600 3783 690 3856 vobis,
704 3783 783 3842 Urbe
804 3783 889 3855 cessi,
907 3782 1089 3860 judiciumne
1102 3781 1138 3839 ti·

145 3859 227 3927 muit
247 3878 304 3927 non
318 3861 423 3930 servos,
437 3881 494 3918 non
509 3880 599 3930 arma,
623 3883 682 3932 non
704 3862 785 3926 siml
825 3862 904 3930 Quae
928 3860 1029 3926 fnisset
1048 3860 1138 3934 igitur

383 3938 420 4008 tt
