2692 4484
496 821 726 905 ORATIO
767 823 803 909 Ι.

633 1030 668 1071 IN

360 1199 421 1274 n.
465 1197 936 1313 clnruruaru.

536 1451 775 1464 *—

171 1622 195 1675 l
197 1627 222 1687 1.
260 1628 435 1692 Quonsoun
449 1628 568 1686 tandem
582 1625 714 1699 abutere,
725 1627 862 1699 Catilina,
873 1626 1012 1705 patientia
1022 1628 1140 1688 nostrii

155 1707 292 1784 quamdiu
306 1708 394 1766 etiam
407 1708 485 1766 suror
499 1708 554 1765 iste
567 1717 635 1766 tuus
649 1727 702 1765 nos
712 1707 830 1765 eludetl
850 1706 988 1784 quemad
999 1706 1085 1765 finem
1096 1726 1140 1766 se·

105 1855 108 1860 ,
156 1805 187 1844 sc
201 1786 349 1845 effrenata
358 1786 481 1864 jactabit
495 1787 640 1845 audacial
675 1785 797 1845 Nihilne
810 1796 840 1844 te
854 1797 1027 1844 nocturnum
1043 1787 1139 1864 prasi·

156 1866 236 1923 dium
263 1865 378 1939 Palatii,
399 1866 472 1924 nihil
496 1865 583 1924 Urbis
602 1865 719 1943 vigilias,
741 1866 813 1934 nihil
833 1866 918 1923 timor
937 1865 1043 1943 populi,
1064 1864 1137 1924 nihil
1163 1929 1167 1937 ,

156 1963 316 2003 concursus
331 1945 470 2003 bonorum
483 1944 625 2016 omnium,
639 1945 712 2004 nihil
727 1945 776 2003 hic
790 1945 998 2003 munitissimus
1012 1943 1140 2002 habendi
1173 1939 1193 1992 5

156 2024 274 2082 senatis
286 2024 380 2095 locus,
394 2024 467 2082 nihil
482 2026 584 2083 borum
596 2043 647 2082 ora
661 2025 825 2101 vultusque,
835 2026 1008 2085 moveruntl
1036 2023 1141 2080 Patere

156 2112 206 2161 tua
233 2103 355 2161 consilia
374 2122 433 2162 nou
453 2105 566 2161 sentisl
580 2104 783 2163 ,condrictum
801 2102 862 2180 jam
888 2102 1018 2160 omnium
1039 2102 1140 2159 horum
1207 2110 1213 2122 '

156 2182 338 2239 conscientiis
365 2182 458 2240 teneri
485 2182 714 2259 conjurationem
734 2194 815 2240 tuam
836 2200 895 2239 non
915 2179 1017 2238 vides?
1058 2179 1141 2242 Quid

155 2260 297 2337 proximis,
310 2260 380 2336 quid
400 2260 556 2337 superiore,
571 2274 656 2320 nocte
676 2262 781 2338 egeris,
797 2261 847 2319 ubi
868 2259 967 2331 suetis,
982 2279 1053 2336 quos
1073 2278 1141 2319 con·

156 2341 314 2412 vocaveris,
327 2339 396 2416 quid
411 2339 526 2397 consilii
539 2339 660 2417 ceperis,
673 2360 759 2416 quem
773 2340 904 2399 nostrrim
921 2339 1053 2415 ignorare
1068 2338 1140 2397 arbi·
1157 2334 1193 2389 1⁰

76 2442 79 2449 ¹
156 2419 261 2477 trarisl

196 2496 225 2554 O
240 2497 385 2573 tempora!
407 2516 425 2554 o
439 2498 550 2555 mores!
593 2499 719 2557 Senatus
732 2500 796 2557 llaec
810 2497 962 2575 intelligia
983 2497 1084 2555 consul
1098 2496 1140 2555 ri-

156 2575 222 2634 det:
243 2576 292 2633 hic
305 2588 402 2634 tamen
416 2574 501 2635 vivit!
536 2575 640 2635 vivut
662 2579 751 2637 immo
766 2576 846 2650 verb,
860 2577 948 2635 etiam
963 2577 992 2635 in
1006 2587 1139 2635 senatum

157 2655 251 2713 venit:
272 2656 304 2713 fit
316 2654 427 2733 publici
442 2655 556 2713 consilii
576 2657 740 2735 particeps:
761 2669 842 2716 notat
855 2669 885 2715 et
897 2655 1032 2734 designat
1045 2656 1140 2714 oculis

157 2733 193 2791 ad
207 2735 317 2792 credam
331 2753 564 2811 unumquemque
585 2737 724 2795 nostrhm.
766 2735 830 2794 Nos
851 2746 957 2807 autem,
971 2735 1025 2794 siri
1041 2736 1138 2808 fortes,
1157 2737 1192 2791 15

156 2813 322 2873 satisfacere
336 2812 503 2891 reipublicae
518 2815 660 2887 videmur,
675 2816 700 2874 si
715 2814 797 2874 istius
811 2815 935 2873 furorem
949 2833 985 2873 ac
997 2815 1055 2873 tela
1069 2815 1140 2872 vite·

156 2911 229 2950 mus.
327 2924 332 2928 -

196 2972 244 3030 Ad
264 2981 385 3030 mortem
405 2982 445 3044 te,
466 2973 607 3049 Catilina,
621 2944 702 3044 duci,
714 2972 797 3050 jussu
818 2973 955 3045 consulis,
966 2972 1139 3050 jampridem

154 3050 321 3126 oportebat3
344 3051 375 3108 in
395 3062 425 3110 te
441 3052 566 3111 conferri
586 3063 696 3129 pestem
717 3053 811 3124 istam,
825 3064 911 3128 quant
925 3063 955 3112 tu
970 3053 1001 3110 in
1016 3073 1068 3111 nos
1080 3056 1141 3110 om·

156 3148 209 3186 nes
219 3129 331 3206 jamdiu
346 3131 530 3189 machinaris.
573 3132 622 3190 An
637 3130 705 3190 verd
717 3132 760 3190 vir
771 3131 973 3208 amplissimus,
985 3132 1018 3189 P.
1030 3131 1139 3208 Scipio,
1155 3133 1192 3188 2⁰

155 3207 286 3283 pontifex
305 3209 458 3281 maximus,
473 3210 522 3268 Ti.
537 3211 705 3269 Gracchum
719 3210 903 3269 mediocriter
917 3210 1140 3268 labefactantem

155 3297 262 3344 statum
282 3287 460 3365 reipublice,
480 3290 608 3366 privatus
627 3290 789 3361 interfecit3
821 3290 977 3349 Catilinam
998 3288 1075 3362 verb,
1096 3309 1140 3348 or·

156 3365 222 3422 bem
236 3378 319 3424 terrie
333 3369 414 3426 caede
429 3379 513 3444 atque
528 3368 672 3427 incendiis
686 3385 798 3428 vastam
814 3370 989 3446 cupientem,
1005 3389 1058 3428 nos
1071 3389 1140 3428 con-

156 3445 233 3503 sules
245 3447 444 3522 perferemusl
461 3467 532 3533 nam
547 3447 596 3505 illa
609 3448 697 3506 nimis
711 3450 829 3526 antiqua
846 3461 996 3526 praetereo,
1010 3451 1087 3526 qudd
1102 3450 1137 3509 C.

156 3524 295 3583 Servilius
316 3527 413 3585 Ahala
433 3528 483 3604 Sp.
503 3526 624 3607 Melium
645 3528 727 3586 novis
746 3530 833 3587 rebus
853 3530 1028 3600 studentem,
1050 3548 1138 3587 manu
1154 3530 1191 3583 25

156 3604 209 3662 sot
222 3605 338 3664 occidit.
381 3605 459 3679 Fuit,
471 3606 525 3664 suit
537 3605 593 3665 ista
606 3608 751 3683 quondam
767 3608 797 3665 in
812 3609 867 3666 hac
879 3609 1028 3685 republica
1039 3609 1138 3679 virtus,

139 3696 142 3702 ’
156 3693 189 3741 ut
208 3684 261 3741 viri
282 3685 369 3744 fortes
382 3686 542 3746 acrioribus
561 3686 710 3763 suppliciis
724 3686 817 3745 civem
831 3687 1038 3764 perniciosum,
1051 3684 1138 3763 qudm

157 3763 376 3823 acerbissimum
403 3766 526 3837 bostem,
547 3769 726 3824 coercerent.
769 3766 921 3824 Habemus
942 3766 1140 3823 senatis-oon·

156 3841 263 3901 sultum
278 3844 308 3902 in
322 3854 362 3917 te,
376 3845 515 3916 Catilina,
525 3845 681 3902 vehemens
695 3855 725 3901 et
737 3864 840 3921 grave:
862 3864 921 3901 non
933 3844 1014 3900 deest
1028 3842 1140 3915 reipub-
