2692 4484
376 274 512 335 canno
533 274 603 323 uno
624 271 723 322 nnec
746 271 912 320 usurum.
1146 281 1185 338 55

152 419 263 497 magnis
290 419 378 495 copiis
404 418 585 476 minitantem
611 417 702 487 As'iae,
722 413 886 473 retardavit.
927 413 968 470 Et
986 414 1136 490 quisquam

152 499 302 569 dubitabit,
316 498 385 581 quid
398 498 503 554 uirtute
515 496 696 573 perfecturus
709 494 756 565 sit,
771 494 820 569 qui
832 502 945 550 tantum
966 494 1137 553 auctoritate

151 578 322 654 perfeceritl
344 587 393 633 aut
405 574 493 652 quim
507 572 593 633 facile
614 573 735 650 imperio
753 583 840 648 atque
851 572 980 629 exercitu
994 572 1090 630 socios
1108 583 1138 631 et

151 656 303 733 vectigalia
316 665 536 714 conservaturus
555 654 602 724 sit,
616 653 666 728 qui
686 652 747 728 ipso
767 651 882 709 nomine
903 670 938 709 ac
957 669 1075 709 rumore
1088 652 1138 709 de·
1170 727 1188 779 5

151 734 292 794 senderitl
485 761 492 773 r
685 748 688 755 ’

189 814 273 872 XVI.
308 815 374 891 Age
387 800 474 884 verti,
482 812 532 871 illa
545 831 591 870 res
604 821 742 887 quantam
755 809 884 875 declarat
895 809 1025 886 ejusdem
1045 809 1137 867 horni-

150 893 195 950 nis
210 895 285 970 apud
305 894 401 951 hostes
420 907 516 969 popuu
536 890 665 947 Romani
686 886 895 960 auctoritatem,
909 887 987 963 qudd
1006 908 1043 945 ex
1061 889 1135 947 locis

149 982 209 1029 turn
228 972 403 1049 longinquis,
424 981 540 1045 tamque
560 968 689 1038 diversis,
709 966 768 1023 tain
788 968 867 1025 brevi
885 978 1021 1044 tempore,
1035 986 1135 1026 omnes

171 1051 202 1108 ni
225 1052 296 1109 huic
321 1070 352 1108 se
378 1049 570 1107 dedideruntl
599 1045 676 1122 qnod
696 1046 878 1104 Cretensium
898 1046 1084 1123 legati‚cum
1103 1047 1134 1105 in

150 1183 153 1188 .
187 1149 251 1188 rum
278 1128 373 1186 insulis
402 1137 498 1186 noster
527 1126 678 1202 imperator
698 1125 896 1201 exercitusque
915 1136 1001 1196 esset,
1021 1127 1058 1184 ad
1077 1126 1133 1184 Cn.
1152 1127 1187 1181 10

115 1230 121 1242 ·
194 1208 321 1285 mpeium
340 1208 371 1264 in
391 1206 506 1263 ultimas
525 1203 610 1281 prope
629 1214 720 1261 terras
733 1214 881 1274 venerunt,
895 1204 979 1280 eique
991 1224 1135 1263 seomnes

30 1292 40 1307 ⁹
111 1274 114 1281 ’
154 1286 337 1345 Cretensium
364 1285 495 1342 civitates
520 1284 625 1340 dedere
650 1282 724 1340 uelle
751 1283 903 1340 dixeruntl
935 1276 1037 1344 Quidl
1057 1284 1135 1355 idem
1155 1274 1204 1325 θ’

155 1365 210 1422 iste
230 1365 421 1435 Mithridates,
435 1382 538 1433 nonne,
553 1363 590 1418 ad
603 1363 728 1419 eundem
748 1362 804 1418 Cn.
819 1352 995 1437 Pompeium,
1008 1363 1135 1440 legatum

155 1462 246 1519 usque
266 1443 295 1501 in
316 1442 484 1518 Hispaniam
498 1441 591 1511 misit3
612 1459 737 1516 eumque
757 1440 933 1578 Ροιηρξίἐὲἒέ
951 1453 1135 1518 gatumsem·

151 1541 203 1597 per
217 1521 373 1596 judicavit:
394 1521 424 1591 ii,
441 1520 544 1596 quibus
562 1539 673 1595 semper
694 1530 757 1576 erat
776 1516 861 1577 niole'
925 1461 988 1589 ‚de
1005 1539 1071 1578 eum
1087 1522 1186 1609 pm&

152 1599 293 1657 tissimum
307 1619 371 1657 esse
383 1600 511 1670 missum,
526 1598 745 1675 speculatorem,
759 1596 845 1673 quim
864 1596 1000 1674 legatum,
1012 1600 1135 1674 judicari

151 1679 320 1736 maluerunt
361 1678 484 1736 Potestis
504 1678 591 1755 igitur
609 1677 670 1753 jam
691 1678 876 1748 constituere,
896 1677 1040 1749 Quirites,
1060 1679 1135 1736 hanc

152 1757 360 1829 auctoritatem,
380 1757 479 1814 multis
504 1767 603 1834 postea
622 1757 710 1827 rebus
729 1756 828 1832 gestiS,
849 1752 1017 1833 magnisque
1036 1757 1136 1815 restris

147 1835 266 1912 judiciis
292 1836 505 1913 amplificatam,
527 1833 668 1911 qnantum
696 1836 771 1911 apud
787 1830 861 1892 'illos
884 1855 976 1912 reges,
996 1834 1135 1912 errantum

151 1916 226 1991 apud
239 1926 352 1973 exteras
360 1915 506 1986 nationes,
520 1915 671 1989 valituram
686 1934 749 1971 esse
763 1914 938 1972 existimetis
1151 1913 1188 1966 20

190 1993 349 2070 Reliquum
370 2004 423 2065 est,
438 2004 470 2051 ut
489 1995 526 2052 de
546 1993 695 2065 felicitate,
709 2012 796 2068 quam
815 2003 949 2069 prestare
968 1994 1006 2051 de
1025 2013 1057 2051 se
1077 1993 1138 2070 ipso

104 2123 107 2133 .
151 2091 237 2130 nemo
248 2092 285 2159 pc
314 2084 350 2144 st,
364 2073 530 2130 meminisse
540 2081 569 2130 et
579 2091 803 2130 commemorare
817 2072 854 2129 de
871 2067 961 2130 altero
978 2090 1137 2148 possumus,

103 2146 107 2157 '
151 2151 228 2207 sicut
254 2082 368 2239 ‘ruffin
393 2160 438 2208 est
463 2151 572 2208 homini
600 2152 636 2207 de
661 2160 801 2226 potestate
828 2151 967 2222 Deorum,
987 2148 1088 2233 timide
1108 2163 1138 2210 et

151 2247 247 2304 pauca
259 2228 399 2285 dicamus.
440 2228 505 2304 Ego
518 2228 595 2286 enim
608 2229 651 2285 sic
664 2229 813 2288 existimo:
835 2230 973 2302 Maximo,
988 2229 1137 2303 Marcello,

131 2342 136 2349 ·
154 2306 294 2382 Scipioni,
308 2306 414 2379 Murio,
428 2318 457 2364 et
477 2307 589 2365 caeteris
608 2307 721 2384 magnis
734 2309 961 2385 imperatoribus,
975 2329 1032 2367 non
1046 2308 1137 2367 soldnl
1153 2315 1188 2370 25

152 2394 265 2462 propter
278 2386 422 2458 virtutem,
437 2386 589 2444 sedetiam
604 2397 716 2464 propter
736 2387 887 2460 fortunam,
902 2389 1005 2465 saepius
1018 2389 1138 2465 imperia

156 2463 298 2535 mandatu,
320 2475 405 2540 atque
427 2465 571 2523 exercitus
591 2485 654 2523 esse
675 2467 848 2526 commissos.
889 2467 958 2525 Fuit
977 2467 1055 2525 enim
1074 2487 1137 2545 pro·

153 2540 230 2600 sectd
250 2544 421 2618 quibusdam
440 2544 559 2601 summis
578 2544 647 2605 viris
667 2546 797 2620 quaedam
818 2547 854 2604 ad
874 2547 1089 2623 amplitudinem
1107 2558 1136 2606 et

151 2620 281 2697 gloriam,
296 2633 325 2679 et
339 2623 375 2680 ad
389 2642 435 2680 res
448 2642 569 2700 magnas
589 2622 664 2681 bene
686 2625 836 2700 gerendas,
850 2626 985 2684 diuinitus
999 2626 1136 2703 adjuncta

152 2700 283 2775 fortuna:
311 2702 347 2759 de
372 2702 456 2778 hujus
483 2712 580 2760 autem
607 2703 732 2761 hominis
753 2696 905 2776 ‘felicitate
925 2712 981 2780 qno
1000 2706 1037 2763 de
1056 2726 1136 2764 nunc
1152 2712 1188 2767 30
1261 2708 1263 2711 ’

153 2779 274 2855 egimus,
289 2781 345 2838 hac
365 2791 428 2839 utar
446 2782 642 2840 moderatione
656 2782 783 2853 dicendi,
797 2803 855 2841 non
868 2795 900 2842 ut
913 2784 943 2841 in
951 2766 1033 2842 illius
1044 2796 1136 2861 potes·

151 2867 210 2915 tate
230 2859 373 2917 fortunam
389 2861 520 2937 positam
540 2881 604 2919 esse
615 2861 732 2932 dicam,
753 2862 805 2918 sed
825 2872 857 2920 ut
874 2864 1018 2939 preterita
1037 2864 1137 2921 memi·
1152 2862 1183 2919 κ’

76 2946 79 2950 ’
118 3004 130 3023 ι
152 2936 239 3009 nisse,
250 2938 360 3014 reliqua
370 2958 483 3015 sperare
493 2940 658 3010 videamur3
680 2960 718 2998 ne
732 2951 782 2998 ant
795 2941 887 2999 inrisa
898 2941 964 2999 Diis
974 2942 1138 3001 immortali·
1162 2932 1165 2949 ⁸

152 3016 205 3073 bus
218 3017 309 3075 oratio
322 3027 428 3090 nostra,
443 3029 492 3076 aut
505 3020 628 3096 ingrata,
643 3039 707 3077 esse
721 3020 859 3078 videatur.
1099 3036 1101 3038 ’

191 3094 276 3170 Itaqu
323 3116 465 3187 nppsum
490 3099 707 3174 praedicaturus,
726 3098 870 3170 Quirites,
884 3110 1004 3175 quantas
1023 3099 1072 3159 ille
1091 3120 1138 3158 res
1154 3109 1189 3163 35

152 3173 230 3253 domi
244 3115 420 3250 mffitiaeque,
431 3176 508 3234 terris
521 3178 659 3252 marique,
669 3178 835 3253 quantisque
849 3178 987 3236 felicitate
1000 3179 1136 3254 gesserit:
1250 3178 1252 3181 ’

123 3262 192 3308 ‘unt
204 3252 267 3327 ejus
280 3256 447 3351 ,stum
477 3255 624 3313 untatibus
650 3276 710 3314 non
737 3256 822 3315 modd
850 3258 929 3315 cives
955 3258 1137 3331 assenserint,

151 3330 223 3389 socii
243 3254 570 3491 oiteinperermfflpete
604 3334 774 3438 obedpgjnt
792 3337 844 3394 sed
863 3336 950 3394 etiam
970 3337 1047 3395 venti
1067 3348 1138 3396 tem·

150 3416 340 3486 pestatesque'
356 3402 466 3471 dilue&
523 3354 592 3471 rrdl'
613 3393 697 3472 'Hire
712 3414 890 3489 'brevissime
918 3416 1023 3489 dicam,
1047 3418 1137 3476 nemi·

152 3508 217 3546 nem
239 3508 364 3564 unquam
384 3501 444 3548 tam
464 3491 658 3568 impudentem
680 3493 778 3565 fuisse,
791 3494 841 3570 qui
856 3514 874 3552 a
892 3495 958 3553 Diis
971 3496 1136 3556 immortali·
1151 3505 1188 3559 40

131 3568 204 3625 -bus
223 3579 264 3627 tot
277 3579 306 3626 et
319 3579 413 3628 tantas
433 3590 480 3628 res
498 3571 606 3628 tacitus
625 3573 744 3630 auderet
763 3584 871 3650 optare,
885 3585 954 3650 quot
972 3586 1002 3633 et
1014 3587 1136 3652 quantas

106 3701 108 3706 Α
151 3647 200 3705 Dii
220 3648 395 3707 immortales
416 3651 452 3707 ad
472 3650 527 3707 Cn.
542 3647 716 3726 Pompeium
730 3652 903 3711 detulerunt
943 3654 1033 3716 Quod
1047 3667 1080 3712 ut
1093 3655 1135 3712 illi

151 3727 292 3802 proprium
313 3746 348 3785 ac
367 3739 535 3806 perpetuum
556 3728 602 3789 sit.
614 3730 759 3802 Quirites,
773 3729 842 3791 crim
857 3731 1026 3794 communis
1036 3730 1137 3790 salutis

357 3810 369 3837 ⁸
