2692 4484
392 334 540 385 ‘trumo
563 333 631 381 PRO
655 332 688 390 Q.
711 329 875 380 LIGARIO.
1148 334 1185 392 ῃ
1243 340 1248 353 ·

150 480 236 546 nullo‘
255 482 371 560 publico
401 478 530 548 consilio,
551 474 744 535 deferebatur.
785 471 888 548 Itaque
918 469 1066 548 Ligarius,
1092 472 1142 562 qui

149 584 234 624 omne
243 563 304 619 ‘tale
318 559 465 638 negotium
489 565 609 633 cuperet
628 553 768 631 effugere,
781 552 899 629 paulirm
922 552 1050 610 adventu
1070 551 1143 609 Varr

151 663 205 703 oon
226 641 321 700 uievit.
349 700 353 703 ,

188 662 229 779 ll.
265 721 383 788 Adhuc,
405 715 461 774 Gai
485 714 594 784 Caesar,
615 711 656 774 Q.
680 711 816 788 Ligarius
837 710 917 768 omni
940 709 1026 787 culpi
1046 719 1141 768 vacat

151 798 244 859 Domo
257 808 457 875 estcgressus,
471 813 530 852 non
543 789 630 850 modi
648 790 761 848 nullum
782 790 819 846 ad
841 790 960 860 bellum,
974 789 1026 847 sed
1045 809 1083 847 ne
1104 788 1143 846 ad
1173 792 1192 846 5

150 879 300 937 minimam
314 875 431 952 quidem
439 870 634 949 suspicionem
656 868 741 927 belli:
761 868 858 958 legatu
894 868 1019 958 intpece
1031 868 1143 944 profec-

150 967 206 1029 tus,
221 957 252 1015 iu
265 954 413 1033 provincia
426 948 613 1028 pacatissimi
636 947 678 1005 ita
700 967 732 1005 se
753 957 850 1023 gessit,
885 955 942 1004 ter
962 966 1064 1022 pacem
1077 965 1142 1006 esse

151 1037 306 1113 expediret.
349 1031 494 1090 Profectio
507 1026 587 1087 cert&
613 1026 740 1091 animum
761 1035 843 1082 tuum
864 1045 922 1083 non
949 1027 1034 1084 debet
1053 1028 1143 1087 offen·

152 1115 230 1173 dere.
272 1113 353 1170 Num
368 1110 456 1187 igitur
469 1106 633 1165 remansiol
652 1142 654 1151 κ
675 1103 769 1161 Multd
783 1103 898 1162 minias:
919 1123 987 1165 nam
1006 1107 1143 1181 profectio

152 1194 330 1252 voluntatem
343 1188 445 1247 habuit
458 1206 516 1244 non
534 1196 655 1261 turpem,
669 1183 813 1241 remansio
833 1183 921 1241 etiam
940 1185 1142 1243 necessitatem
1157 1187 1192 1242 10

155 1273 314 1329 honestam.
357 1267 436 1344 Ergo
453 1269 515 1323 haec
538 1264 594 1322 duo
616 1274 745 1338 tempora
768 1272 870 1319 carent
883 1259 1021 1334 crimine3
1041 1282 1141 1335 unum,

157 1346 226 1407 oirm
241 1358 284 1406 est
296 1347 409 1423 legatus
425 1344 585 1421 profectus;
607 1339 1019 1421 alterum,fcdm,‚efflagitatus
1042 1362 1060 1401 a
1081 1363 1144 1420 pro·

156 1427 264 1498 vinciis,
287 1425 451 1503 praepositus
477 1422 585 1480 Africae
612 1430 684 1479 esta
706 1414 842 1478 Tertium
866 1429 910 1477 est
935 1431 1055 1497 tempus,
1077 1441 1142 1497 quo,

154 1516 219 1583 post
233 1506 385 1563 adventum
400 1501 479 1573 Vari,
494 1501 525 1560 in
547 1500 651 1558 Africa
674 1500 795 1569 restitit3
817 1500 894 1575 quod
907 1498 932 1556 si
955 1511 999 1557 est
1012 1501 1144 1560 crimino·

155 1603 228 1654 sum,
243 1581 428 1647 necessitatis
430 1581 547 1669 primen
563 1591 616 1651 est,
630 1599 688 1637 non
712 1579 875 1637 voluntatis.
918 1580 968 1636 An
989 1579 1047 1650 ille,
1061 1581 1086 1638 si
1097 1600 1145 1657 po-
1158 1581 1193 1635 15

154 1663 256 1720 tuisset
269 1660 350 1718 illilrc
363 1660 421 1718 ullo
434 1659 520 1718 modo
540 1661 673 1729 evadere,
687 1658 782 1716 Uticae
805 1655 910 1734 potiris,
925 1656 1013 1733 qudm
1033 1658 1144 1731 Romae,

60 1765 63 1770 ·
92 1810 97 1821 θ
154 1759 222 1799 cum
249 1739 281 1797 P.
310 1739 401 1810 Attio,
429 1738 517 1816 quiam
540 1745 612 1798 'cum
645 1737 879 1796 concordissimis
906 1737 1051 1809 fratribus,
1078 1757 1145 1797 cum

155 1819 256 1877 alienis
270 1838 342 1889 esse,
357 1817 445 1893 quam
469 1837 536 1876 cum
551 1818 621 1889 suis,
646 1817 817 1875 maluisset‘l
858 1815 937 1874 cum
958 1816 1020 1894 ipsa
1039 1817 1146 1895 legatio

153 1898 238 1974 plena
251 1897 388 1956 desiderii
402 1917 437 1955 ac
461 1896 664 1963 sollicitudinis
686 1896 797 1967 fuisset,
811 1907 924 1972 propter
946 1897 1146 1955 incredibilem

154 1978 299 2052 quendam
313 1977 433 2034 fratrum
447 1995 584 2047 amorem,
599 1976 648 2033 hic
662 1995 744 2051 aequo
766 1975 863 2033 animo
886 1995 950 2033 esse
962 1976 1064 2051 potuit,
1078 1975 1147 2033 belli
1159 1985 1195 2039 20

154 2056 278 2114 discidio
291 2057 446 2113 distractus
461 2075 478 2113 a
492 2055 647 2113 fratribdsl
671 2122 677 2133 ,

195 2133 317 2191 Nullum
332 2135 419 2209 igitur
433 2134 533 2203 babes,
547 2133 657 2204 Cesar,
672 2134 768 2191 adhuc
792 2133 822 2191 in
834 2132 876 2196 Q.
891 2133 1011 2211 Ligario
1034 2134 1147 2211 signum

156 2212 259 2270 alienae
287 2231 304 2269 a
330 2224 360 2268 te
386 2211 556 2270 voluntatis:
591 2211 673 2288 cujus
702 2231 757 2289 ego
784 2231 913 2290 causam,
941 2214 1146 2285 animadverte,

156 2310 263 2366 quaeso,
285 2290 342 2365 qut
364 2290 420 2348 lide
442 2290 605 2361 defendam,
627 2289 695 2348 cirm
720 2292 809 2367 prodo
829 2311 952 2355 meam..
974 2291 1003 2360 O
1025 2293 1149 2363 clemen·

156 2369 228 2426 tiam
255 2369 464 2441 admirabilem,
486 2379 571 2443 atque
591 2371 669 2428 omni
690 2371 786 2441 laude,
810 2366 1024 2448 praedlc'a'tiode,
1046 2368 1197 2444 literis,'‘25
1253 2376 1255 2381 ’

156 2448 405 2523 monumentisque
419 2449 628 2506 decorandam!
671 2449 713 2506 M.
729 2450 835 2508 Cicero
856 2451 932 2526 apud
956 2461 985 2508 te
1007 2451 1145 2523 defendit,

46 2586 51 2597 ,
156 2527 246 2585 alium
260 2547 291 2587 m
304 2525 497 2585 eiioluntate
511 2548 569 2586 non
593 2527 691 2599 fuisse,
717 2529 746 2587 in
769 2530 826 2606 qui
848 2531 972 2606 seipsum
994 2531 1146 2589 confitetur
1163 2558 1175 2576 ·

157 2606 245 2663 fuisse
254 2608 266 2675 ς’
283 2625 338 2664 nec
364 2617 430 2664 tuas
452 2606 557 2664 tacitas
579 2607 769 2683 cogitationes
791 2609 969 2679 extimescit3
990 2629 1056 2681 nec,
1076 2610 1146 2686 quid

76 2701 79 2710 ·
155 2685 219 2754 tibi,
234 2685 270 2742 de
285 2684 340 2742 alio
354 2685 493 2756 audienti,
509 2686 545 2755 dc
559 2705 590 2743 se
605 2686 666 2761 ipso
680 2697 823 2757 occurrat,
837 2687 1009 2746 reformidat.

192 2761 253 2825 lll-
289 2763 373 2830 Vide,
388 2762 475 2839 quim
488 2785 547 2823 non
560 2765 761 2823 reformidem:
783 2766 857 2835 vide,
881 2777 988 2841 quanta
1007 2766 1057 2824 lux
1075 2766 1147 2827 libe·
1159 2770 1196 2824 30

62 2913 66 2921 Ι
157 2843 277 2901 ralitatis
309 2852 339 2900 et
365 2844 513 2919 sapientiae
534 2855 595 2901 tum
618 2844 690 2901 mibi
711 2845 786 2919 apud
806 2855 835 2901 te
855 2844 965 2902 dicenti
991 2846 1144 2904 oboriatur.

155 2919 308 2982 Quantum
321 2932 428 2998 potero,
442 2942 513 2981 voce
524 2923 709 2994 contendam,
724 2934 755 2981 ut
776 2924 896 3000 populus
919 2925 974 2983 lroc
995 2925 1147 2984 Romanus

157 3000 299 3058 exaudiat.
349 3002 490 3076 Suscepto
513 3002 598 3072 bello,
619 3001 729 3075 Caesar,
757 3013 839 3079 gesto
864 3003 951 3061 ctiam
977 3024 1014 3063 ex
1039 3006 1147 3084 magnit

155 3088 246 3154 parte,
261 3078 341 3136 nulli
353 3080 382 3136 vi
396 3091 524 3150 coactuS,
536 3080 647 3156 judicio
661 3100 697 3139 ac
711 3082 856 3140 voluntate
871 3083 907 3140 ad
930 3103 965 3142 eu
987 3104 1066 3143 arma
1086 3106 1147 3162 pro·

158 3156 251 3214 fectus
264 3175 337 3229 sum,
352 3177 416 3233 quae
429 3169 512 3216 crant
525 3169 639 3234 sumpta
652 3171 752 3218 contra
766 3170 803 3218 te.
845 3161 932 3236 Apud
952 3183 1037 3240 quem
1059 3165 1146 3242 igitur
1159 3164 1196 3219 35

86 3272 90 3277 «
158 3236 213 3293 hoc
227 3235 315 3294 dicol
335 3246 439 3312 nempe
454 3237 529 3312 apud
543 3256 621 3308 eum,
635 3238 695 3312 qui,
710 3237 778 3296 clun
793 3241 848 3297 hoc
862 3241 958 3313 sciret,
972 3253 1068 3301 tamen
1089 3263 1145 3315 me,

158 3324 311 3388 antequam
327 3315 406 3386 vidit,
430 3315 597 3392 reipublicae
620 3318 761 3389 reddidit3
783 3319 832 3395 qni
847 3319 883 3376 ad
905 3338 951 3378 me
971 3341 1007 3380 ex
1021 3322 1147 3400 AEgypto

155 3392 254 3450 literas
268 3394 354 3465 misit,
369 3405 402 3452 ut
455 3395 617 3467 semidam,
632 3398 681 3471 qui
697 3398 830 3468 fuissem;
854 3399 914 3475 qui,
929 3398 995 3458 crim
1011 3401 1071 3478 ipse
1095 3402 1147 3459 im·

155 3482 266 3547 perator
288 3472 317 3531 in
341 3483 400 3532 toto
499 3474 542 3532 rio
564 3476 660 3552 populi
680 3477 806 3536 Romani
827 3498 902 3537 unus
1015 3500 1079 3538 esse
1100 3500 1146 3539 me

157 3550 274 3609 alterum
289 3572 389 3627 passus
487 3573 583 3628 aquo,
599 3556 654 3614 hoc
678 3556 738 3632 ipso
752 3556 824 3615 c.P
878 3491 1146 3693 if'runtium
1160 3558 1195 3611 40

155 3630 323 3706 perferente,
339 3651 393 3690 corr
478 3633 606 3690 sfasces
619 3635 762 3694 laureatos
783 3646 831 3694 terr
888 3654 946 3711 quo
1005 3638 1146 3695 tenendos

154 3710 267 3791 putavi;
288 3711 337 3785 qui
361 3713 399 3770 mi
455 3723 517 3770 tum
541 3713 665 3790 denique
688 3735 719 3773 se
741 3715 864 3792 salutem
884 3716 995 3790 putavit
1018 3716 1097 3785 dare,
1120 3716 1145 3771 si

155 3805 221 3845 eam
233 3788 319 3853 nullis
332 3791 481 3867 spoliatam
495 3793 671 3851 ornamentis
685 3793 820 3850 dedisset.
848 3804 849 3809 ’
