2692 4484
375 289 511 340 ossmo
535 288 603 337 rso
625 286 725 336 nuos
748 283 916 334 usnimi.
1122 250 1126 257 ’
1151 287 1190 344 51

96 372 108 397 Ν

79 490 84 497 .
108 392 136 505 X(
157 436 255 496 Testis
268 445 311 493 est
324 433 429 504 Gallia,
439 448 499 525 perc
505 449 595 567 ‘qussm
608 428 771 505 legionibus
792 426 896 484 uostris
918 425 949 482 in
972 425 1143 501 Hispaniam

116 516 220 592 ⁸Xiter,
234 514 380 572 Gallorum
396 511 555 570 internecio
576 507 788 584 e,patefactum
811 515 863 563 est.
906 504 1006 561 Testis
1020 515 1064 560 est
1078 504 1145 573 His<

63 629 69 657 ι,
156 595 250 672 panio,
262 612 324 667 qum
335 591 492 667 sepissime
501 588 638 664 plurimos
649 587 745 643 hostes
756 586 792 641 ab
801 585 857 641 hoc
866 593 1014 659 superatos
1024 593 1146 658 prostra-

156 683 255 748 tosque
277 669 431 746 conspexit.
472 666 573 725 Testis
594 676 639 722 est
659 664 763 721 iterum
784 672 813 720 ct
834 662 937 738 saepius
958 661 1055 732 Italia,
1070 680 1144 736 quar,

88 734 124 819 ιζ
157 769 224 809 cum
237 749 333 808 servili
348 748 422 805 bello
435 756 509 804 tetro
520 743 738 821 periculosoque
749 750 935 821 premeretur,
946 741 982 798 ab
996 741 1052 798 hoc
1066 741 1146 798 auxi·
1158 744 1177 796 5

84 826 89 901 f
156 830 227 887 lium
246 829 364 886 absente
386 825 537 902 expetivit;
558 821 633 897 quod
655 820 762 877 bellum
783 819 994 895 exspectatione
1015 818 1144 894 Pompeii

76 878 129 966 Χ
157 917 337 966 attenuatum
352 916 437 980 atque
451 901 634 959 imminutum
648 909 702 970 est,
717 899 841 956 adventu
854 897 997 955 sublatum
1007 916 1042 954 ac
1052 897 1146 973 sepul·

106 980 124 1059 ζ
156 996 227 1043 tum.
269 984 375 1042 Testes
388 980 456 1039 verb
469 981 529 1056 jam
542 996 641 1036 ornnes
654 996 721 1047 orae,
736 987 934 1052 atqueomnes
952 985 1056 1034 exterae
1076 995 1145 1053 gerr-

62 1084 73 1107 a
104 1082 118 1131 ξ
157 1075 202 1123 tes
217 1083 252 1120 ac
264 1063 407 1131 nationes,
421 1059 546 1134 denique
567 1056 659 1114 maria
679 1056 784 1126 omnia,
799 1066 860 1112 turn
882 1054 1024 1125 universa,
1037 1065 1099 1112 tum
1113 1055 1144 1112 in

92 1146 113 1180 b
159 1142 281 1218 singulis
296 1139 381 1218 [oris]
391 1156 493 1196 omnes
502 1136 581 1192 sinus
591 1144 676 1210 atque
683 1144 787 1220 portus.
803 1172 807 1193 r
827 1133 906 1194 Quis
918 1132 996 1191 enim
1006 1143 1064 1191 toto
1072 1133 1144 1191 mari
1159 1133 1194 1187 10

159 1222 241 1278 locus
253 1239 303 1296 per
318 1219 369 1275 hos
379 1235 468 1273 annos
477 1227 526 1273 aut
535 1223 593 1271 tam
601 1212 716 1271 firmum
731 1211 830 1270 habuit
843 1212 1016 1287 presidium,
1026 1222 1145 1270 uttutus

82 1294 85 1301 ’
108 1354 118 1371 „
162 1307 248 1367 esset,
263 1307 312 1354 aut
319 1306 382 1359 tam
388 1295 442 1351 fuit
453 1293 573 1363 abditus,
589 1301 620 1349 ut
633 1293 755 1349 lateretl
775 1290 854 1351 Quis
867 1290 1020 1366 navigavit,
1029 1291 1144 1366 quinon

107 1408 118 1419 «ι
163 1396 194 1432 se
212 1387 261 1432 aut
282 1374 380 1439 mortis
402 1383 450 1429 aut
471 1371 614 1429 servitutis
634 1370 764 1446 periculo
785 1368 984 1439 committeret,
1007 1387 1073 1426 cum
1096 1378 1145 1426 aut

16 1486 17 1489 =
98 1494 112 1517 „
163 1454 268 1523 hieme,
283 1463 332 1509 aut
345 1452 447 1509 referto
459 1450 626 1526 predonum
640 1450 723 1519 mari,
738 1448 907 1524 navigaretl
977 1466 1013 1505 oc
1033 1457 1145 1505 tantum

59 1560 66 1571 =
92 1537 111 1593 Ὗ
163 1531 277 1600 bellum,
292 1541 350 1586 tam
364 1540 455 1604 turpe,
470 1540 529 1586 tam
544 1537 634 1599 vetus,
648 1538 709 1585 tam
722 1526 780 1585 lata
795 1522 918 1583 divisum
940 1536 1025 1599 atque
1041 1525 1146 1601 disper·
1160 1531 1194 1590 15

92 1610 119 1663 rb
129 1668 145 1693 X
160 1626 233 1678 sura,
248 1607 311 1683 quis
325 1625 451 1683 unquam
466 1607 651 1664 arbitraretur
666 1619 717 1663 aut
731 1606 767 1663 ab
780 1604 914 1675 omuibus
930 1604 1147 1680 imperatoribus

81 1682 116 1765 ᾖ)
146 1676 217 1744 διιῐιο
231 1705 314 1756 anno,
329 1696 379 1743 aut
391 1686 525 1744 omnibus
540 1686 623 1743 annis
645 1685 681 1742 ab
696 1704 754 1743 uuo
775 1684 955 1759 imperatore,
970 1681 1074 1740 confici
1086 1702 1147 1759 pos-

79 1790 102 1841 3.
159 1766 211 1827 sel
249 1765 350 1826 Quam
365 1765 544 1842 provinciam
563 1765 697 1822 tenuistis
719 1783 736 1820 a
756 1762 937 1839 praedonibus
957 1762 1077 1819 liberam
1096 1781 1147 1837 per

159 1844 245 1901 hosce
260 1845 371 1901 annosl
391 1844 467 1920 quod
482 1843 605 1919 vectigal
621 1843 701 1901 vobis
721 1851 815 1899 tutum
837 1841 910 1898 nist
931 1859 1015 1916 quem
1036 1840 1147 1898 socium

94 1948 132 2007 C<
160 1922 343 1979 defendistisl
366 1923 414 1979 cui
431 1923 563 1999 praesidio
573 1921 713 1980 classibus
727 1920 828 1980 vestris
839 1919 951 1978 fuistisl
973 1917 1061 1995 quam
1076 1918 1149 1975 mul·
1161 1928 1197 1983 20

60 2046 113 2079 ,Ψ
160 2009 203 2057 tas
217 2000 385 2058 existimatis
399 2001 508 2059 insulas
521 2021 584 2059 esse
598 2002 742 2060 desertas!
764 1999 851 2076 quam
873 1999 978 2055 multas
1000 2008 1050 2054 aut
1069 2006 1148 2053 metu

102 2142 110 2151 ,
159 2079 285 2149 relictas,
300 2090 350 2136 aut
364 2098 381 2135 a
393 2079 575 2154 pradonibus
589 2090 697 2155 captas,
712 2081 798 2137 urbes
811 2097 875 2136 esse
889 2075 1049 2134 sociorum!

96 2158 112 2225 ἃ
169 2168 181 2179 “
200 2156 273 2214 XII.
309 2157 948 2235 Sed-quid-egnjouginuumuutumemutol
998 2153 1067 2211 Fuit
1094 2154 1149 2211 hoc
1194 2182 1196 2189 a

74 2230 101 2257 ·“
143 2235 315 2323 ,quondam
330 2234 384 2291 fuit
396 2236 539 2325 proprium
552 2237 648 2312 populi
662 2236 789 2295 Romani
802 2233 887 2313 longe
904 2235 1019 2292 adorno
1032 2233 1148 2303 bellare,
1208 2284 1210 2287 ,

112 2318 200 2387 ⁴get,
214 2312 437 2390 propugnaculis
450 2315 572 2390 imperii,
594 2315 735 2373 sociorum
758 2316 894 2384 fortunas,
908 2333 966 2372 nou
988 2331 1041 2370 sua
1061 2323 1147 2383 tecta,
1161 2322 1197 2376 25

143 2391 325 2449 defendere.
367 2393 462 2450 Sociis
476 2412 530 2469 ego
543 2395 643 2451 vestris
657 2413 736 2451 mare
750 2394 880 2451 clausum
893 2412 943 2469 per
958 2392 1045 2448 hosce
1059 2409 1148 2448 annos

108 2496 123 2532 r,
138 2544 141 2549 Ι
161 2470 257 2528 dicam
271 2470 368 2539 fuisse,
384 2468 452 2528 crim
465 2472 608 2529 exercitus
622 2473 712 2531 nostri
726 2492 743 2529 a
757 2472 909 2529 Brundisio
922 2488 1080 2545 uunquam,
1091 2469 1147 2526 nisi

161 2548 273 2606 summai
287 2548 632 2619 hierrre‚transmiserintl
671 2551 736 2612 Qui
750 2552 787 2608 ad
801 2570 848 2608 vos
862 2551 898 2607 ab
908 2549 1013 2607 exteris
1026 2548 1148 2605 nationi·

100 2702 107 2711 .
161 2626 215 2684 bus
235 2627 374 2697 venirent,
389 2639 487 2704 captos
508 2648 627 2704 querar,
643 2627 712 2687 clun
733 2629 821 2706 legati
841 2628 936 2706 populi
958 2627 1084 2684 Romani
1105 2646 1148 2684 re-

100 2738 107 2783 1
161 2705 268 2779 dempti
291 2706 368 2763 sinti
409 2705 621 2781 Mercatoribus
642 2718 736 2766 tutum
759 2727 838 2765 rnare
858 2727 915 2765 non
932 2706 1020 2764 fuisse
1040 2706 1146 2775 dicam,
1160 2714 1245 2768 aaa:

66 2852 71 2859 ι
161 2780 229 2840 cnm
243 2783 395 2841 duodecim
423 2780 525 2843 ecur'es
539 2787 568 2844 in
586 2788 753 2863 praedonum
765 2795 934 2862 potestatem
946 2785 1146 2860 pervenerintl
1242 2790 1281 2887 p

162 2860 299 2932 Cnidum,
322 2873 371 2919 aut
419 2864 597 2940 olophonem,
615 2868 670 2925 aut
692 2868 823 2934 Samum,
845 2863 1035 2921 nobilissimas
1051 2864 1146 2933 urbes,
1246 2902 1280 2945 ψ,

90 2942 96 2951 “
161 2940 441 3017 innumerabilesque
455 2943 535 3014 alias,
551 2954 650 3020 captas
667 2965 730 3002 esse
753 2961 983 3013 commemorem,
998 2939 1065 2999 curn
1087 2960 1148 2998 ves·
1255 2958 1272 2985 *a

161 3028 219 3077 tros
232 3030 338 3094 portus,
354 3029 438 3094 atque
452 3040 500 3078 eos
513 3032 610 3096 portus
623 3024 728 3099 quibus
742 3023 829 3079 vitam
846 3031 875 3078 et
888 3021 1017 3095 spiritum
1031 3020 1147 3090 ducitis,

70 3112 74 3121 ’
102 3097 192 3180 1ἱῖἰη
206 3097 371 3175 praedonum
385 3096 473 3155 fuisse
483 3109 621 3174 potestate
631 3102 751 3159 sciatisl
783 3102 830 3157 An
844 3097 911 3157 verb
927 3099 1074 3174 ignoratis,
1088 3117 1148 3172 por·
1161 3110 1196 3163 35

38 3216 47 3225 ,
97 3196 105 3235 ·,
161 3184 223 3231 tum
238 3173 348 3230 Caietae
362 3174 582 3234 celeberrimum
597 3190 682 3254 atque
694 3179 892 3255 plenissimum
901 3178 1027 3246 navium,
1039 3177 1149 3251 inspec-

99 3268 113 3286 ¹*
161 3262 241 3310 tante
255 3262 383 3326 praetore‚
399 3255 610 3329 apraedonibus
623 3277 687 3315 esse
697 3258 855 3333 direptum;
870 3275 907 3314 ex
917 3254 1031 3312 Miseno
1042 3265 1146 3325 autem,
1170 3284 1174 3295 ·

160 3330 223 3406 ejus
237 3330 326 3406 ipsius
339 3331 452 3403 liberos,
467 3334 516 3408 qui
530 3352 597 3391 cunr
610 3337 791 3412 praedonibus
806 3346 891 3393 antea
909 3334 949 3392 ibi
967 3332 1071 3391 bellurn
1085 3354 1148 3410 ges·

106 3412 111 3421 ’
160 3419 236 3467 serat
259 3409 472 3491 apraedonibus
485 3432 549 3471 esse
562 3415 708 3477 sublatosl
747 3414 825 3472 Nam
847 3414 916 3489 quid
937 3432 991 3489 ego
1011 3411 1147 3470 Ostiense

61 3488 87 3503 ‘¹
162 3454 395 3580 iucorlirnddupp&
429 3499 497 3586 tppe
524 3491 602 3550 illam
636 3494 732 3551 labem
767 3503 853 3569 atque
879 3491 1066 3568 ignominiam
1093 3493 1147 3548 rei·
1160 3492 1195 3543 40

412 3508 430 3581 i

100 3588 108 3596 ’
135 3574 138 3580 ⁴
160 3566 292 3642 publice,
316 3548 435 3642 queram
465 3556 545 3641 cb‘rir,
566 3591 617 3648 pro
640 3571 650 3591 “
681 3572 909 3649 ispectautibus
935 3589 951 3625 v
990 3570 1024 3639 is,
1046 3570 1147 3627 classis

161 3664 205 3713 ea,
220 3645 268 3702 cui
283 3647 381 3705 consul
396 3649 491 3724 populi
506 3570 1148 3727 Romanlpiugponffunasnnsspraedonibus

162 3732 245 3798 capta
268 3733 353 3798 atque
373 3744 507 3801 oppressa
529 3730 592 3786 estl
632 3729 697 3799 Pro,
715 3730 765 3787 Dii
787 3727 978 3786 immortales!
1000 3736 1148 3781 tantamne

58 3882 60 3885 Ι
162 3801 248 3859 unius
268 3802 391 3861 hominis
412 3805 591 3864 incredibilis
613 3826 648 3864 ac
669 3808 767 3866 diviua
788 3808 878 3865 virtus
899 3816 959 3860 tam
980 3803 1059 3858 brevi
1079 3813 1150 3855 rern-
