2692 4484
338 343 474 394 ORATIO
494 342 566 392 PRO
588 341 688 390 REGE
701 337 910 388 nummum
1128 340 1169 399 85

168 491 210 548 At
230 478 305 546 misit
327 489 362 546 ad
383 487 546 557 Caecilium,
561 484 662 541 nescio
680 501 783 558 quem:
806 482 855 539 sed
870 501 930 551 eos,
945 500 1017 556 quos
1033 479 1120 551 misit,

127 567 205 661 qudd
226 569 266 642 ire
287 569 450 637 noluerunt,
466 568 496 623 in
510 564 629 621 vincula
649 562 784 637 conjecit.
821 559 894 618 'Non
908 579 1015 636 quaero,
1031 556 1119 634 qnam

128 647 281 704 verisimile
302 646 348 718 sit,
363 656 413 704 aut
434 664 493 703 non
514 642 651 701 habuisse
678 659 787 716 regern,
808 660 878 716 quos
899 638 1042 709 mitteret;
1072 647 1121 694 aut

127 744 187 796 eos,
208 746 279 802 quos
299 726 434 796 misisset,
456 743 515 781 non
535 721 682 799 paruisse;
713 730 771 789 aut,
790 718 839 795 qui
860 719 939 776 dicto
966 718 1120 775 audientes

128 804 158 861 in
180 805 314 862 tentare
336 823 394 862 non
417 803 548 871 luissent,
569 818 620 856 eos
643 798 755 854 vinctos
774 794 870 874 potiris
891 795 976 873 quiam
999 806 1120 863 necatos
1152 800 1170 852 5
1220 824 1225 827 ’

129 883 225 940 luisse.
269 883 329 940 Sed
349 893 447 940 tamen
468 878 538 938 oiim
559 878 596 934 ad
617 875 769 934 Caecilinm
786 876 925 948 mittebat,
939 873 1036 934 utrum
1050 895 1120 932 cau·

128 980 190 1019 sam
212 962 292 1019 illam
313 960 420 1018 victam
440 977 505 1016 esse
526 956 686 1025 nesciebat,
701 973 738 1011 au
759 954 910 1012 Caecilium
932 954 1018 1012 istum
1039 974 1118 1030 mag·v

129 1060 200 1097 num
221 1040 370 1098 hominem
390 1038 529 1115 putabatl
550 1053 635 1111 quem
655 1031 784 1110 profecto
806 1034 840 1105 is,
859 1032 908 1108 qui
927 1031 1034 1109 optime
1055 1053 1120 1090 nos-

100 1144 104 1157 =
129 1130 190 1176 tros
210 1119 344 1176 homines
365 1116 453 1186 novit,
474 1116 519 1172 vel
539 1114 607 1190 quia
633 1111 741 1184 nosset,
762 1112 806 1169 vel
833 1113 901 1187 quia
926 1132 984 1169 non
1011 1110 1118 1182 ndsset,

132 1207 341 1254 contemneret.
383 1194 506 1252 Addidit
536 1192 622 1250 etiam
651 1191 732 1262 illud,
766 1190 877 1266 equites
907 1210 965 1248 non
997 1190 1119 1266 optimos
1135 1188 1169 1241 10

133 1275 265 1331 misisse:
287 1280 406 1345 veteres,
431 1273 526 1344 eredo,
549 1271 662 1341 Caesar;
692 1271 764 1327 nihil
786 1270 822 1327 ad
843 1279 924 1326 tuum
942 1270 1118 1345 equitatum:

135 1352 187 1409 sed
202 1353 280 1410 misit
290 1370 326 1409 ex
339 1352 383 1425 iis,
397 1371 467 1428 quos
481 1351 589 1421 habuit,
600 1350 717 1407 electos.
760 1350 812 1406 Ait
826 1348 1021 1424 nescioquem
1035 1362 1072 1406 ex
1084 1367 1120 1406 eo

91 1466 94 1471 <
136 1450 257 1488 numero
265 1449 375 1488 servum
383 1430 553 1506 judicatum.
584 1428 653 1486 Non
663 1429 801 1486 arbitror:
823 1447 881 1484 non
894 1428 1005 1484 audivi:
1026 1426 1119 1484 sedin

39 1577 45 1585 ,
114 1508 115 1511 ’
134 1528 180 1580 eo,
195 1508 320 1565 etiamsi
335 1508 497 1579 accidisset,
512 1506 627 1584 culpam
641 1507 719 1584 regis
733 1507 841 1564 nullam
857 1506 945 1563 luisse
960 1506 1118 1563 arbitrarer.

174 1586 229 1661 IX.
264 1587 370 1645 Alieno
390 1597 518 1645 autema
536 1597 565 1644 te
585 1587 682 1643 animo
699 1586 760 1644 luit.
801 1585 979 1647 Quomodol
1019 1586 1120 1659 Spera·
1135 1589 1169 1641 15

134 1666 184 1735 vit,
200 1664 314 1747 (credo)
329 1666 462 1724 difficiles
483 1665 535 1723 tibi
556 1665 744 1723 Alexandriae
758 1665 819 1722 fore
833 1664 938 1734 exitus,
952 1673 1065 1739 propter
1079 1681 1122 1719 re·

132 1744 226 1820 gionis
245 1755 376 1803 naturam
397 1755 427 1802 et
447 1744 583 1802 fluminis.
625 1745 667 1801 At
687 1764 723 1801 eo
743 1744 804 1820 ipso
825 1753 953 1819 ternpore
966 1741 1121 1817 pecuniam

133 1823 228 1892 dedit;
250 1825 408 1882 exercitum
431 1824 518 1881 aluit:
540 1823 578 1896 ei,
593 1843 680 1900 quem
701 1823 780 1880 Asiae
801 1823 982 1899 praefeceras,
996 1820 1075 1877 nullia
1090 1819 1121 1877 in

5 1940 15 1951 ι
61 1904 91 1913 ”
133 1920 164 1958 re
178 1903 289 1960 defuit:
306 1902 358 1960 tibi
372 1904 486 1973 victori,
500 1922 559 1960 non
580 1900 675 1960 solvim
696 1903 732 1959 ad
754 1901 920 1975 hospitium,
934 1900 985 1956 sed
1000 1899 1036 1956 ad
1049 1899 1122 1975 peri·

134 1981 231 2038 culum
245 1982 343 2053 etiam,
358 1993 444 2058 atque
459 1982 495 2039 ad
510 1981 614 2052 aciem,
628 1979 732 2057 praesto
747 1981 809 2038 luit.
852 1980 992 2037 Secutum
1006 1988 1051 2034 est
1063 1977 1123 2034 bel·
1136 1975 1172 2030 2⁰

134 2058 193 2116 lum
215 2060 395 2118 Africanum.
437 2060 610 2118 Grrwesde
630 2071 659 2117 te
680 2078 808 2118 rumores
829 2057 939 2134 sparsi:
966 2057 1016 2133 qui
1036 2056 1123 2113 etiarn

115 2136 273 2195 ¹furiosum
295 2139 375 2196 illum
396 2138 549 2196 Gaeeilium
574 2139 781 2196 excitaverunt.
822 2137 893 2199 Quo
917 2136 978 2194 tuin
1002 2154 1072 2212 erga
1095 2146 1124 2193 te

128 2235 186 2273 rex
208 2216 305 2273 animo
325 2217 471 2293 suitbqui
493 2216 680 2274 auctionatus·
697 2218 743 2288 sit,
758 2222 878 2293 seseque
892 2215 1052 2291 exspoliare
1066 2234 1125 2271 ma·

135 2293 231 2366 luerit,
246 2292 333 2370 qudm
347 2295 399 2354 tibi
412 2295 567 2371 pecuniam
582 2315 640 2354 uon
655 2296 864 2354 subministare.
907 2295 949 2353 At
962 2312 1007 2365 eo,
1022 2293 1124 2370 inquit,

136 2383 264 2449 tempore
286 2373 348 2450 ipso
368 2373 501 2431 Nicaeam
524 2374 728 2451 Ephesumque
752 2375 893 2445 mittebat,
919 2374 969 2450 qui
995 2392 1125 2430 rumores
1137 2377 1179 2449 255

138 2452 292 2509 Africanos
313 2453 491 2529 exciperent,
506 2463 536 2510 et
554 2454 686 2511 celeriter
712 2455 747 2511 ad
775 2473 805 2513 se
831 2454 978 2511 referrent.
1020 2451 1124 2527 Itaque

135 2527 205 2588 cirrn
226 2541 302 2588 esset
321 2531 348 2588 ei
369 2533 550 2603 nunciatum,
565 2532 727 2592 Domitium
741 2533 890 2609 naufragio
902 2532 1032 2608 periisse,
1046 2540 1075 2587 te
1089 2530 1120 2587 in

136 2610 255 2667 castello
277 2610 477 2667 circumsideri
489 2630 497 2680 3
534 2611 571 2669 de
598 2611 728 2670 Domitio
749 2613 821 2670 dixit
847 2630 960 2668 versmn
986 2610 1123 2667 Graecum

135 2688 237 2745 eidem
252 2688 405 2763 sententid,
420 2689 478 2766 qud
492 2690 580 2747 etiam
594 2710 647 2748 nos
662 2691 802 2748 habemus
817 2690 971 2747 Latinum:
1006 2728 1010 2732 -

232 2798 237 2817 Α
290 2824 307 2851 “
315 2820 422 2871 Pereunt
432 2822 516 2885 amici,
526 2821 759 2872 dumundinimici
769 2821 921 2871 intercident
928 2820 953 2868 .”
1138 2814 1175 2868 30

136 2925 212 3000 quod
232 2925 289 2997 ille,
304 2926 329 2983 si
348 2937 425 2984 esset
446 2926 499 2984 tibi
520 2926 749 2999 inimicissimus,
764 2946 911 3002 nunquam
925 2937 1022 2984 tumen
1037 2925 1124 2982 dixis·

137 3015 188 3061 set.
231 3004 297 3079 lpse
321 3006 400 3062 enim
424 3015 608 3064 mansuetus:
641 3026 739 3065 versus
763 3006 905 3064 immanis.
946 3003 1010 3067 Qut
1030 3015 1125 3062 autern

66 3102 68 3113 ¹
138 3081 267 3139 Domitio
287 3083 403 3158 poterat
418 3102 481 3141 esse
503 3085 624 3156 amicus,
637 3086 687 3162 qui
701 3087 753 3157 tibi
767 3096 845 3142 esset
858 3085 1013 3143 inimicnsl
1055 3082 1127 3139 Tibi

137 3179 222 3237 porro
243 3160 381 3218 inimicus
401 3181 454 3219 cur
475 3173 561 3234 esset,
576 3183 662 3241 aquo
677 3163 745 3222 cum
759 3165 805 3223 vel
821 3163 955 3234 interfici,
970 3161 1038 3219 belli
1050 3162 1126 3237 lege,

137 3240 286 3375 potuisqet,
301 3258 399 3316 regem
412 3250 442 3297 et
455 3259 498 3310 se,
513 3251 543 3299 et
556 3242 646 3300 lilium
660 3262 755 3315 suum,
766 3244 937 3301 constitutos
951 3259 1015 3306 esse
1028 3240 1127 3296 merni·
1139 3251 1175 3305 35

138 3327 228 3375 nisset

176 3396 259 3458 Quid
274 3397 402 3456 deindel
429 3398 546 3457 furcifer
566 3399 624 3476 qud
646 3400 847 3477 progreditur?
881 3400 942 3467 Ait,
957 3399 1013 3456 hac
1026 3397 1125 3455 taetitit
1168 3466 1170 3469 Ι

138 3475 306 3543 Deiotarum
326 3477 445 3550 elatum,
460 3478 527 3536 vino
547 3497 578 3536 se
597 3478 783 3550 obruisse,.in
807 3478 993 3553 convivioque
1015 3478 1125 3537 nudum

138 3554 291 3612 saltavisse.
332 3554 410 3616 Quae
438 3576 510 3615 crux
537 3558 606 3616 hnic
633 3557 754 3635 fugitivo
778 3569 873 3635 potest
899 3558 967 3615 sutis
991 3557 1126 3633 supplicii

139 3633 259 3691 afferrel
293 3633 463 3693 Deiotarum
483 3637 636 3694 saltantem
656 3636 817 3714 quisquam,
840 3647 888 3695 aut
908 3636 1031 3706 ebrium,
1055 3635 1127 3692 vidit
1139 3642 1174 3694 to

139 3714 285 3786 unquaml
319 3712 431 3774 Omnes
452 3726 520 3773 sunt
541 3716 571 3774 in
594 3716 643 3775 illo
664 3736 732 3794 rege
747 3715 834 3793 regia:
848 3716 968 3773 virtutes
983 3713 1072 3790 (quod
1086 3723 1127 3782 te,

139 3790 250 3861 Caesar,
265 3791 394 3868 ignorare
409 3813 467 3851 non
483 3796 628 3877 arbitror),
643 3797 694 3854 sed
707 3792 854 3872 praecipue
869 3792 1022 3869 singularis
1035 3800 1065 3847 et
1080 3789 1128 3845 ad·

140 3869 272 3927 miranda
292 3870 455 4003 frugalgtas:
484 3874 539 3931 etsi
559 3876 616 3932 hoe
637 3875 724 3932 verbo
744 3874 806 3931 scio
832 3871 945 3929 laudari
965 3886 1050 3943 reges
1069 3885 1128 3922 non
1216 3870 1224 3881 ”
