2692 4484
362 305 498 360 ORA'l'lO
519 304 592 360 PRO
611 303 711 355 mon
732 302 901 355 mamhra.
1141 306 1182 364 59

143 452 296 530 tuguria,
318 453 396 510 idern
418 469 486 509 eum
508 449 645 519 Cimbris,
668 448 746 506 idem
768 465 836 505 cum
858 444 1013 519 Teutonis,
1027 445 1135 519 bellurn

145 533 361 590 administraret.
403 530 439 588 In
462 531 523 607 ipso
544 530 599 586 Cu.
615 527 761 602 Pompeio,
781 527 811 583 in
831 545 888 601 quo
909 526 976 584 novi
998 527 1135 585 constitui

143 612 213 668 nihil
237 612 295 667 vult
319 610 361 673 Q.
383 611 516 679 Catulus,
539 606 626 683 quam
653 606 745 663 multa
767 606 825 663 siut
851 625 934 676 nova,
956 606 1071 663 summai
1092 606 1133 668 Q.

143 691 240 747 Catuli
254 690 399 747 voluntate
414 689 579 758 constituta,
594 684 795 747 recordamini.
1055 734 1063 749 Ι

45 802 49 809 -
146 796 168 823 s.
181 769 268 827 XXI.
301 768 385 831 Quid
412 768 491 827 enim
518 777 577 824 tam
611 756 727 833 riorum,
754 761 841 839 quam
875 748 1132 836 adolescentum,
1161 761 1186 815 ὅ
1217 788 1235 849 ‘e

106 887 112 891 -
141 848 292 925 privatum,
314 848 473 906 exereitum
493 844 606 902 difficili
633 843 798 919 reipublicae
821 853 948 919 tempore
968 844 1134 903 conficere?

142 928 284 985 confecit:
313 926 548 1017 hu'qQ'PIaeeSSQl
581 922 712 999 prefuit:
743 940 809 979 rem
830 919 936 997 optime
961 923 1053 981 ductu
1080 943 1133 982 suo

141 1008 263 1082 gereret
298 992 419 1084 'gissus‘
444 996 615 1065 Quintam
641 1012 743 1077 praeter
770 1001 1018 1072 consuetudinem,
1044 1001 1132 1078 quam

142 1086 252 1143 homini
272 1083 512 1162 peradolescenti,
531 1081 614 1156 eujus
638 1099 655 1136 a
678 1080 819 1137 senatorio
840 1080 932 1157 gradu
954 1089 1023 1137 aetas
1045 1079 1131 1158 longe

143 1165 266 1236 abesset,
282 1163 435 1240 imperium
457 1172 541 1237 atque
561 1159 720 1218 exercitum
734 1158 816 1216 daril
851 1158 983 1251 Siciliam
996 1160 1131 1236 permitti,
1147 1162 1183 1219 10
1210 1198 1225 1225 ,1
1240 1168 1247 1211 '-

144 1253 230 1317 atque
245 1244 389 1312 Africam,
404 1241 567 1315 bellumque
587 1239 618 1296 in
640 1238 676 1296 ed
699 1238 978 1296 administranduml
994 1239 1080 1297 tFuit
1101 1241 1132 1299 in

144 1321 191 1377 his
203 1322 360 1396 provinciis
378 1318 514 1396 singulari
529 1316 705 1388 innocentii,
719 1317 869 1394 gravitate,
884 1317 1004 1375 virtute:
1025 1319 1260 1417 bellumsmp-
1271 1366 1282 1405 Ι
1299 1384 1303 1393 1
1325 1328 1329 1345 ’

145 1400 175 1456 in
191 1400 296 1457 Africis
310 1397 618 1471 maximumqonfecim
640 1396 778 1454 victorem
792 1395 951 1455 exereitum
1126 1404 1149 1425 ‘⁹
1165 1450 1197 1469 d,
1235 1394 1304 1465 ,ζηῖ
1320 1404 1333 1413 “’

95 1543 99 1553 ‚
141 1476 228 1538 Quid
242 1477 310 1536 verti
332 1488 389 1536 tam
411 1469 684 1552 inauditum'quam
706 1475 833 1550 equitem
855 1474 1021 1533 Romanum
1034 1477 1134 1535 trium·

141 1557 252 1633 pharel
281 1568 324 1613 at:
337 1576 401 1614 eam
422 1575 533 1632 quoque
557 1575 618 1613 rem
641 1554 763 1631 populus
790 1554 868 1612 Rom
983 1574 1022 1613 on
1039 1556 1132 1648 prodr}
1150 1565 1182 1617 15

141 1635 222 1706 vidit,
245 1636 406 1693 sedetiam
432 1635 511 1707 omni
535 1635 630 1692 studio
651 1634 801 1691 visendam
823 1642 853 1690 et
909 1652 966 1691 nce
977 1618 1134 1693 ebi‘andam

125 1714 282 1790 putavit·
299 1715 383 1781 Quid
404 1710 473 1772 tam'
487 1700 672 1784 inusitalr'im,
683 1711 769 1788 quam
791 1723 833 1783 ut,
849 1710 918 1770 oiim
931 1712 990 1771 duo
1003 1714 1134 1772 consules

140 1792 294 1855 clarissimi
317 1792 520 1870 fortissimique
547 1803 653 1864 essent,
676 1812 765 1868 eques
791 1792 945 1850 Romanus
966 1791 1002 1849 ad
1026 1789 1133 1850 bellum
1215 1804 1223 1821 ·

140 1873 299 1931 maximum
327 1873 684 1949 'ormidolosissimumque
716 1891 768 1947 pro
802 1870 920 1929 consule
951 1872 1133 1930 mittereturl

141 1951 247 2008 missus
268 1874 569 2087 esssquoquidem
590 1962 736 2028 tempore,
753 1948 822 2008 cum
843 1960 919 2007 esset
939 1969 1083 2008 nonnemo
1104 1950 1134 2008 in
1148 1952 1185 2006 20

141 2040 255 2102 senatu,
269 2032 318 2109 qi
353 2032 452 2101 iceret,
467 2031 565 2089 “Non
573 2041 708 2107 oportere
729 2029 805 2089 mitti
826 2030 972 2087 hominem
994 2030 1135 2105 privatum

141 2126 193 2183 pro
215 2110 333 2168 consule
343 2112 368 2178 ;’'
391 2110 425 2167 L.
448 2110 597 2185 Philippus
619 2110 725 2167 dixisse
746 2109 864 2181 dicitur,
883 2108 980 2166 “Non
1002 2127 1034 2165 se
1056 2108 1136 2165 illum

143 2187 198 2247 suit
225 2189 370 2247 sententia
395 2208 447 2263 pro
474 2189 601 2261 consule,
629 2189 680 2263 sed
712 2188 966 2269 proconsulibus,
993 2187 1139 2265 mitteress

143 2264 245 2323 Tanta
267 2254 297 2323 in
319 2285 354 2324 eo
375 2250 795 2343 reipublioaeffb'erie‘gerendd
807 2266 1135 2343 'spes'constituebatur,

145 2353 178 2400 ut
191 2345 313 2402 duorum
328 2346 478 2403 consulum
500 2346 605 2405 munus
629 2347 715 2423 unius
737 2346 927 2403 adolescentis
940 2346 1038 2403 virtuti
1060 2365 1136 2403 com·
1148 2349 1184 2402 25

144 2422 314 2481 mitteretur.
355 2425 439 2486 Quid
461 2418 696 2500 tam'singulare,
711 2423 798 2499 quam
819 2436 860 2495 ut,
882 2444 919 2482 ex
939 2425 1136 2482 senatuis-con·

143 2502 228 2572 sult0,
244 2503 356 2578 legibus
372 2503 489 2573 solutus,
505 2503 604 2560 consul
627 2502 694 2561 ante
718 2503 809 2574 lieret,
823 2501 909 2578 quam
932 2503 1022 2560 ullum
1045 2504 1133 2561 alium

143 2581 341 2656 magistratum
355 2602 406 2658 per
420 2582 498 2659 leges
512 2601 615 2657 capere
629 2582 781 2639 licuissetl
801 2582 869 2657 quid
881 2593 940 2638 tam
952 2583 1132 2653 incredibile,

142 2657 229 2736 quam
244 2670 275 2717 ut
295 2660 398 2718 iterum
415 2681 502 2736 eques
524 2660 677 2718 Romanus
698 2681 732 2719 ex
755 2661 1014 2719 senatusconsulto
1035 2662 1135 2718 trium·

142 2739 262 2815 pharetl
294 2739 372 2805 Qum
395 2741 424 2797 in
448 2741 581 2797 omnibus
605 2740 769 2798 hominibus
796 2760 869 2798 nova
895 2752 958 2817 post
984 2741 1134 2798 hominum
1147 2745 1184 2799 w

142 2818 308 2875 memoriam
332 2819 488 2877 constituta
511 2829 587 2890 sunt,
609 2838 646 2876 ea
668 2829 729 2876 tam
752 2820 852 2877 multa·
865 2840 923 2878 non
946 2829 1022 2890 sunt,
1047 2818 1134 2893 quam

143 2897 215 2968 haeo,
229 2914 293 2972 quae
315 2897 346 2956 in
368 2899 423 2956 hoc
444 2918 502 2956 uno
523 2898 639 2956 homine
657 2898 790 2956 vidimus.
832 2900 931 2973 Atque
952 2900 1016 2956 hmc
1033 2909 1074 2956 tot
1088 2918 1135 2955 ex·

139 2975 246 3050 ,empla,
261 2986 351 3048 tanta,
367 2996 402 3034 ac
415 2987 475 3034 tam
489 2997 571 3048 nova,
582 2978 710 3053 prolecta
724 2978 835 3035 suntin
849 2978 974 3036 eundern
989 2978 1134 3035 homiuem

143 3054 214 3116 aQ.
229 3054 339 3125 Catuli,
355 3065 439 3129 atque
461 3075 479 3112 a
498 3068 666 3113 caeterorum
687 3056 815 3131 ejusdem
834 3056 983 3131 dignitatis
997 3055 1135 3129 amplissi-

98 3142 103 3147 ’
143 3151 255 3190 morum
269 3133 429 3203 homiuum,
445 3135 622 3190 auctoritate.
728 3197 752 3207 ,Ι
777 3190 818 3211 (Α
852 3160 856 3169 ’
1149 3136 1184 3191 35

115 3219 167 3257 ‘³³‘
184 3211 289 3271 XXII.
317 3211 421 3273 Quare
434 3211 560 3282 videant,
569 3229 607 3268 ne
616 3211 652 3267 sit
664 3206 847 3287 periniquum
860 3220 890 3267 et
903 3230 960 3267 non
975 3210 1134 3283 serendum,

144 3290 258 3349 illorum
286 3289 486 3348 auctoritatem
510 3290 546 3347 de
568 3290 624 3347 Cn.
646 3289 776 3369 Pompeii
797 3290 939 3365 dignitate
959 3290 1039 3347 vobis
1061 3310 1136 3349 oom-

142 3370 292 3446 probatam
315 3388 427 3445 semper
448 3388 527 3439 esse;
556 3378 682 3426 vestrum
703 3369 740 3425 ab
762 3368 819 3426 illis
840 3369 876 3427 de
897 3369 998 3427 eodem
1019 3370 1134 3430 homine

140 3448 293 3525 judicium,
314 3449 467 3525 populique
487 3447 616 3506 Romani
637 3448 846 3520 auctoritatem,
867 3448 1037 3525 improbari:
1064 3471 1134 3527 prae·

143 3528 241 3585 sertim
263 3525 331 3586 cirin
349 3528 409 3603 jam
432 3547 484 3586 suo
502 3528 567 3604 jure
588 3527 709 3604 populus
729 3528 882 3587 Romanus
899 3536 930 3587 in
948 3531 1004 3588 hoc
1017 3531 1133 3589 homine
1147 3536 1183 3590 to

143 3625 225 3664 suam
246 3608 456 3679 auctoritatem,
477 3608 522 3665 vel
543 3616 644 3666 contra
660 3626 760 3666 omnes
779 3608 829 3684 qui
849 3609 1032 3680 dissentiunt,
1045 3611 1133 3686 possit

143 3686 317 3756 delendere;
344 3697 494 3763 propterea
520 3685 607 3762 quod,
629 3686 692 3744 istis
717 3688 952 3760 reclamantibus,
973 3707 1022 3746 vos
1042 3708 1133 3746 unum

144 3764 226 3822 illum
245 3784 282 3823 ex
299 3767 433 3824 omnibus
451 3766 608 3844 delegistis,
622 3784 709 3842 quem
722 3767 797 3826 bello
809 3769 976 3844 praedonum
989 3785 1133 3843 praepone-

144 3843 222 3930 retis.
263 3843 331 3902 Hoc
351 3845 375 3902 si
393 3864 443 3902 vos
459 3843 568 3903 temere
583 3845 703 3916 fecistis,
716 3856 746 3903 et
758 3847 801 3904 rei
814 3847 938 3923 publicae
951 3863 1052 3921 parum
1066 3862 1133 3901 eon·

1150 1449 1165 1474 'l
