2692 4484
366 232 503 285 ouarro
524 232 595 299 rao
617 232 649 282 r.
671 230 789 292 numo
811 189 963 279 minoas.
1160 232 1219 292 lla

212 379 279 440 Nec
292 379 359 438 verb
373 380 417 437 sic
430 388 492 437 erat
505 396 634 453 uuquam
647 396 707 433 non
719 384 838 451 paratus
858 373 932 432 Milo
953 383 1054 432 contra
1073 375 1165 447 illum,

173 473 206 521 ut
225 480 282 519 non
302 461 371 517 satis
384 458 444 517 fere
460 467 675 534 essetparatus.
718 456 838 531 Semper
852 454 910 525 ille,
926 464 956 513 et
969 464 1110 530 quantum
1124 454 1166 512 in·
1229 469 1230 474 ’

173 551 292 600 teresset
314 541 346 597 P.
370 539 477 609 Clodii,
499 557 531 595 se
553 537 658 613 perire,
680 544 710 592 et
737 544 844 608 quanto
870 535 912 591 illi
936 534 1003 592 odio
1030 547 1117 605 esset,
1138 543 1167 591 et

173 630 311 698 quantum
328 619 378 677 ille
401 619 529 688 auderet,
545 616 700 692 cogitabat.
740 614 940 675 Quamobrem
961 613 1050 670 vitam
1073 631 1166 686 suam,

172 719 258 778 quam
278 698 412 756 maximis
430 696 558 774 praemiis
569 693 743 771 propositam
756 702 785 750 et
798 692 872 769 pene
884 694 1030 751 addictam
1044 693 1166 766 sciebat,
1202 700 1221 754 5

76 835 83 839 .
171 797 322 855 nunquam
336 778 366 835 in
382 776 545 854 periculum
566 775 629 831 sine
648 772 782 849 prasidio
801 782 830 830 et
850 773 913 830 sine
933 773 1064 830 custodial
1083 773 1167 850 proji-

173 861 278 918 ciebat.
320 858 407 914 Adde
427 874 523 925 casus,
545 854 620 911 adde
639 852 766 909 incertos
785 853 878 909 exitus
897 871 1068 928 pugnarum,
1088 852 1167 910 Mar·

173 949 290 1014 temque
304 953 488 994 communem
500 956 507 1003 ;
529 934 578 1009 qui
593 950 667 1007 saepe
679 932 848 1007 spoliantem
859 931 920 1007 jam
933 942 962 988 et
975 933 1165 990 exsultantem

174 1019 287 1089 evertit,
302 1026 332 1073 et
351 1014 476 1090 perculit
490 1014 527 1070 ab
542 1011 663 1087 abjecto.
705 1011 792 1068 Adde
812 1011 957 1068 inscitiam
976 1012 1083 1088 pransi,
1096 1013 1166 1089 poti,

175 1097 327 1156 oscitantis
339 1092 434 1162 ducis,
446 1092 505 1166 qui,
516 1090 584 1148 crim
595 1110 613 1148 a
625 1100 707 1167 tergo
716 1091 826 1147 hostem
837 1090 1026 1147 interclusum
1040 1092 1168 1168 reliquis·
1187 1096 1221 1149 10

178 1187 232 1246 set,
246 1175 319 1232 nihil
340 1174 376 1230 de
397 1172 459 1247 ejus
478 1169 613 1229 extremis
633 1170 788 1227 comitibus
808 1169 959 1245 cogitavit3
981 1170 1011 1227 in
1032 1189 1111 1245 quos,
1125 1173 1168 1229 iu-

179 1274 283 1312 censos
297 1252 349 1322 int,
363 1252 508 1326 vitamque
521 1249 630 1307 domiui
648 1250 843 1325 desperantes,
858 1246 925 1305 cum
940 1249 1097 1322 indidisset,
1112 1254 1168 1309 hre-

180 1334 217 1390 sit
231 1334 261 1391 in
275 1333 311 1390 iis
323 1331 425 1408 poenis,
440 1350 511 1405 quas
532 1330 568 1386 ab
588 1348 623 1387 eo
642 1328 717 1385 servi
738 1328 839 1386 fideles
857 1348 909 1405 pro
929 1329 1036 1386 domini
1049 1330 1107 1387 vita
1121 1351 1168 1389 ex·

178 1413 348 1490 petiverunt.
390 1409 450 1467 Cur
472 1409 559 1485 igitur
577 1428 627 1465 eos
648 1408 837 1464 manumisitl
871 1406 1031 1479 Metuebat‚
1046 1411 1167 1482 scilicet,

177 1491 405 1558 neindicarent;
426 1509 464 1547 ne
473 1488 600 1547 dolorem
609 1487 738 1564 perferre
748 1507 806 1545 non
813 1496 945 1563 possent;
967 1507 1005 1545 ne
1019 1490 1169 1547 tormentis
1189 1484 1222 1537 15

178 1579 359 1647 cogerentur,
373 1569 504 1627 occisum
525 1587 589 1625 esse
612 1586 630 1624 a
651 1567 741 1625 servis
763 1566 883 1624 Milonis
904 1567 935 1625 in
959 1567 1118 1643 Appiaria
1136 1569 1168 1628 P.

178 1650 322 1720 Clodium,
351 1648 490 1707 confiteri.
531 1647 616 1709 Quid
643 1666 715 1724 opus
735 1656 779 1705 est
799 1648 927 1705 tortorel
957 1646 1027 1722 quid
1047 1648 1169 1723 quaerisl

176 1730 375 1787 occideritnel
395 1728 513 1787 occidit.
555 1727 637 1799 Jure,
653 1746 691 1784 an
711 1726 839 1803 injuriat
865 1726 938 1784 nihil
961 1726 997 1783 ad
1016 1736 1169 1785 tortorem:

178 1809 248 1866 facti
261 1809 340 1866 enim
353 1809 384 1866 in
398 1808 522 1882 equuleo
535 1807 655 1884 quaestio
668 1817 722 1878 est,
734 1806 807 1883 juris
821 1806 852 1863 in
863 1806 982 1881 judicio.

217 1888 322 1946 XXII.
356 1887 447 1949 Quod
467 1887 556 1964 igitur
577 1887 607 1944 in
628 1886 718 1944 causd
738 1886 926 1962 quaerendum
940 1895 993 1957 est,
1008 1886 1038 1943 id
1053 1904 1172 1962 agamus
1189 1888 1226 1942 20

179 1966 245 2025 hic:
266 1968 342 2042 quod
365 1967 515 2024 tormentis
537 1966 666 2023 iuvenire
688 1966 741 2038 vis,
764 1966 794 2022 id
817 1965 947 2022 fatemur.
990 1963 1082 2022 Manu
1103 1963 1171 2022 verb

178 2065 233 2104 ‘cur
253 2046 373 2116 miserit,
394 2046 419 2102 si
446 2046 476 2101 id
496 2042 592 2120 potius
612 2045 726 2120 quaeris,
750 2042 838 2119 quam
865 2063 917 2101 cur
943 2062 1045 2121 parum
1073 2044 1173 2120 amplis

182 2126 312 2182 affecerit
323 2123 466 2201 praemiis3
487 2124 585 2181 nescis
597 2124 710 2181 inimici
719 2125 828 2181 sactum
838 2124 1058 2200 reprehendere.
1093 2123 1174 2181 Dixit

183 2205 262 2261 enim
275 2204 325 2260 hic
340 2204 427 2273 idem,
441 2202 490 2278 qui
506 2203 605 2260 omnia
625 2222 737 2279 semper
758 2212 924 2261 constanter
946 2213 975 2261 et
997 2202 1116 2274 fortiter,
1131 2202 1172 2260 M.

184 2284 268 2354 Cato,
291 2283 419 2357 dixitque
447 2283 477 2339 in
504 2281 670 2339 turbulenta
698 2282 838 2339 concione
880 2302 954 2357 quae„
968 2293 1066 2340 tamen
1091 2283 1175 2359 hujus
1192 2285 1229 2339 25

185 2362 354 2421 auctoritate
375 2362 489 2437 placata
510 2361 578 2452 est),
593 2381 651 2419 non
673 2361 806 2419 libertate
828 2362 931 2434 solum,
946 2363 997 2420 sed
1015 2364 1103 2420 etiam
1117 2382 1176 2420 oru-

183 2442 269 2499 nibus
289 2441 423 2518 praemiis,
442 2440 626 2518 dignissrmos
647 2441 746 2513 fuisse,
768 2441 817 2516 qui
840 2442 948 2500 domini
970 2453 1057 2519 caput
1079 2442 1176 2500 desen·

183 2522 300 2579 dissent.
342 2520 431 2582 Quod
455 2521 533 2578 enim
554 2521 704 2597 praemium
724 2521 794 2578 satis
807 2540 945 2598 magnum
959 2533 1003 2579 est
1015 2532 1073 2580 tarn
1089 2523 1176 2579 bene·
1223 2519 1227 2522 ’
1332 2517 1334 2520 ’

182 2601 263 2671 volis,
277 2610 337 2657 tam
350 2601 441 2670 bonis,
455 2610 515 2657 tam
530 2600 664 2658 fidelibus
687 2601 787 2672 servis,
798 2612 911 2677 propter
925 2621 995 2677 quos
1008 2601 1097 2658 vivitl
1121 2600 1175 2658 etsi

182 2680 212 2737 id
233 2681 349 2756 quidem
372 2699 430 2737 non
452 2680 526 2738 tanti
548 2691 601 2752 est,
615 2678 703 2755 quam
727 2678 813 2756 qudd,
833 2689 948 2757 propter
970 2681 1097 2751 eosdem,
1117 2699 1176 2738 non
1194 2677 1230 2731 30

182 2760 324 2836 sauguine
350 2768 379 2816 et
407 2759 572 2817 vulneribus
599 2760 660 2817 suis
688 2759 879 2817 crudelissimi
907 2759 1019 2817 inimici
1047 2768 1176 2816 mentem

182 2838 336 2913 oculosque
355 2838 476 2896 satiavit.
517 2838 603 2900 Quos
616 2840 673 2897 nisi
688 2839 911 2911 manumisisset,
925 2839 1074 2896 tormentis
1088 2838 1176 2896 etiam

183 2918 307 2975 dedendi
322 2918 442 2975 fuissent
457 2931 672 2977 conservatores
687 2918 805 2989 domini,
817 2918 923 2976 ultores
937 2919 1064 2989 sceleris,
1079 2917 1179 2975 defen·

184 3017 262 3055 sores
275 2998 366 3054 necis.
407 2997 467 3054 Hic
481 2996 549 3056 verb
563 2999 636 3056 nihil
658 2998 746 3055 habet
768 2998 798 3054 in
820 2997 865 3054 his
883 2999 976 3068 malis,
991 2995 1179 3072 quodminus

185 3075 305 3133 moleste
330 3077 413 3146 serat,
427 3076 524 3151 quarn,
538 3079 627 3135 etiam
648 3077 672 3134 si
694 3077 763 3151 quid
785 3076 839 3154 ipsi
861 3077 985 3148 accidat,
1000 3097 1063 3133 esse
1080 3086 1178 3133 tamen
1196 3077 1232 3132 ³5
1332 3109 1335 3112 ,

185 3154 242 3212 illis
256 3155 391 3212 meritum
404 3156 554 3230 praemium
567 3158 752 3232 persolutum.
1111 3202 1113 3207 .

225 3235 285 3291 Sed
299 3234 471 3309 quaestiones
485 3245 589 3313 urgent
609 3235 760 3307 Milonem,
775 3254 838 3311 quae
853 3245 919 3292 sunt
934 3235 1038 3293 habitae
1053 3254 1131 3292 nunc
1148 3234 1178 3292 in

186 3314 259 3372 atrio
271 3314 437 3371 Libertatis.
477 3315 665 3377 Quibusnam
680 3316 836 3373 deservis?
856 3317 961 3392 rogas?
981 3316 1017 3372 de
1028 3315 1060 3372 P.
1072 3314 1176 3372 Clodii.

183 3394 261 3456 Quis
294 3414 344 3452 eos
376 3395 550 3470 postulavitl
591 3396 711 3471 Appius.
753 3395 831 3457 Quis
860 3395 1014 3471 produxitl
1055 3395 1176 3472 Appius.

183 3473 289 3531 Undel
319 3474 355 3530 ab
378 3475 480 3550 Appio.
523 3474 573 3532 Dii
587 3474 672 3533 boni!
698 3475 766 3550 quid
781 3484 873 3551 potest
888 3474 934 3551 agi
948 3474 1096 3533 severiusl
1131 3474 1177 3532 De
1196 3475 1231 3527 40

185 3554 273 3610 servis
285 3554 365 3611 nulla
379 3554 498 3630 quaestio
519 3564 563 3612 est
582 3554 612 3612 in
633 3555 792 3625 dominum,
807 3554 863 3612 nisi
886 3555 921 3612 de
940 3555 1064 3626 incestu,
1079 3563 1110 3611 ut
1124 3554 1179 3611 fuit

187 3632 216 3689 in
230 3633 373 3690 Clodium.
415 3633 549 3692 Proxime
569 3634 647 3692 Deos
669 3634 794 3692 accessit
817 3634 947 3706 Clodius,
960 3633 1077 3713 propius
1091 3631 1177 3707 quarn

186 3719 257 3781 tum,
272 3710 339 3769 crim
362 3714 398 3770 ad
420 3713 494 3790 ipsos
514 3714 695 3790 penetrarat3
718 3714 802 3790 cujus
816 3714 852 3771 de
867 3724 967 3784 morte,
981 3723 1120 3786 tanquam
1142 3711 1178 3765 de

187 3791 365 3849 caeremoniis
378 3792 500 3863 violatis,
514 3794 659 3867 quaeritur.
701 3794 762 3851 Sed
783 3802 881 3868 tamen
904 3793 1027 3867 majores
1043 3788 1133 3846 nostri
1148 3788 1177 3843 in
