2692 4484
156 312 213 371 156
439 307 576 360 oau'flo
597 307 636 358 IN
655 306 695 360 bl.
711 305 916 359 Antonium.

241 452 270 510 Ο
284 452 452 529 preclaram
473 452 552 510 illam
572 452 820 530 percursationem
834 462 914 512 tuam
928 472 1029 512 mense
1050 452 1154 530 Aprili
1169 463 1197 513 at

202 554 258 611 que
286 532 375 604 Maio,
401 542 474 603 turn,
502 529 571 591 clim
608 532 697 591 etiam
720 531 853 609 Capuam
877 533 1022 592 coloniam
1053 534 1206 592 deducere

204 623 324 672 conatus
344 612 392 669 es!
434 611 693 674 Quemadmodum
714 611 796 670 illinc
818 612 933 684 abieris,
948 613 992 670 vel
1007 610 1107 689 potiris
1126 612 1203 690 pene

202 712 260 751 nou
275 690 389 761 abieris,
403 690 520 749 scimus.
562 691 621 749 Cui
634 701 667 749 tu
681 691 747 749 urbi
762 691 912 750 minitaris.
947 691 1067 749 Utinam
1082 711 1204 765 couere,

168 776 187 828 5
201 782 233 830 ut
247 771 401 847 aliquando
419 770 491 828 illud
505 777 523 804 ‘⁴
535 769 636 829 Pene'’
651 771 786 829 tollatur!

241 850 283 907 At
295 847 382 926 quarn
398 849 548 908 nobilitata
569 862 614 909 cst
627 861 679 909 tua
702 850 752 908 illa
765 849 964 927 peregiuatio!
1005 849 1093 913 Quid
1117 868 1204 925 prau-

200 930 313 989 diorum
335 938 499 1005 apparatus,
520 928 590 1006 quid
616 930 755 988 furiosam
779 928 969 987 vinolentiam
993 938 1086 1001 tuam,
1109 929 1191 1005 profe

200 1009 285 1066 raml
326 1007 395 1066 Tua
410 1008 465 1066 ista
478 1008 651 1068 detrimenta
665 1018 753 1067 suut:
774 1008 824 1066 illa
836 1018 943 1066 nostra.
987 1008 1104 1085 Agrum
1117 1007 1203 1065 Cam·

200 1107 319 1164 panum,
341 1087 404 1165 (qui
425 1085 493 1146 crim
515 1089 553 1146 de
572 1088 765 1165 vectigalibus
792 1088 984 1158 eximebatur,
1005 1098 1038 1146 ut
1060 1088 1202 1146 militibus

155 1167 186 1221 10
200 1168 328 1239 daretur,
342 1180 440 1225 tamen
454 1166 547 1245 infligi
558 1177 697 1245 maguum
711 1167 879 1244 reipublicae
893 1167 997 1224 vulnus
1010 1168 1201 1247 putabamus)

201 1247 280 1305 huuc
294 1257 326 1305 tu
340 1247 592 1324 compransoribus
605 1247 663 1305 tuis
683 1257 713 1305 et
733 1246 923 1306 collusoribus
943 1246 1103 1305 dividebas.
1146 1245 1203 1303 Mi·

201 1345 264 1385 mos
277 1326 345 1385 dico
358 1337 388 1385 et
401 1327 514 1398 mimas,
530 1327 631 1385 Patres
646 1325 823 1402 conscripti,
838 1326 869 1383 in
884 1345 954 1402 agro
967 1325 1122 1402 Campano
1144 1326 1203 1383 col·

200 1406 319 1464 locatos.
360 1405 444 1467 Quid
468 1405 529 1482 jam
556 1425 660 1482 querar
687 1406 724 1463 de
746 1424 815 1482 agro
835 1404 1001 1463 Leontiuol
1022 1405 1204 1481 quandoqui-

201 1486 268 1543 dem
283 1486 328 1542 har
348 1486 495 1561 quondam
516 1486 661 1543 arationes
682 1484 826 1561 Campani
845 1494 875 1541 et
896 1484 1033 1542 Leontini
1058 1485 1088 1542 in
1102 1485 1202 1561 populi

153 1560 186 1614 15
201 1563 330 1623 Romani
349 1565 522 1641 patrimonio
538 1563 655 1643 [grandi
670 1565 794 1645 foeuore]
809 1573 839 1621 et
855 1563 1010 1621 fructuosae
1025 1564 1202 1624 ferebantur.

201 1642 322 1704 Medico
335 1644 390 1702 tria
404 1644 495 1702 millia
512 1644 658 1721 jugerum,
672 1645 755 1720 quasi
769 1654 798 1701 te
811 1662 915 1701 sanum
930 1643 1063 1713 fecisset;
1093 1643 1205 1701 rhetori

200 1724 269 1795 duo,
283 1724 365 1800 quasi
387 1724 527 1782 disertum
547 1724 644 1782 facere
664 1723 815 1800 potuisset.
857 1723 917 1779 Sed
939 1722 976 1779 ad
998 1722 1052 1781 iter
1074 1722 1205 1780 ltaliam·

200 1822 256 1878 que
271 1804 434 1860 redeamus.

240 1881 306 1940 XL.
348 1881 503 1939 Deduxisti
524 1881 670 1939 coloniam
684 1881 859 1951 Casilinum,
873 1878 931 1957 qud
946 1880 1045 1948 Caesar
1068 1879 1137 1937 aute
1151 1880 1203 1938 de·

149 1965 187 2020 m
201 1961 331 2020 duxerat.
373 1960 554 2019 Consululsti
581 1979 628 2018 me
648 1979 700 2038 per
721 1961 820 2019 literas
840 1960 876 2018 de
897 1960 1001 2037 Capua
1021 1969 1053 2017 tu
1073 1959 1203 2036 quidem,

202 2038 268 2119 (sed
289 2041 366 2100 idem
392 2041 429 2098 de
450 2040 582 2099 Casilino
602 2039 831 2119 respondissem)
851 2057 1000 2117 possesne,
1015 2039 1064 2096 ubi
1086 2039 1205 2098 colonia

200 2131 288 2193 esset,
308 2120 345 2180 ed
366 2120 510 2180 coloniam
531 2140 636 2179 novam
654 2119 720 2196 jure
740 2120 896 2178 deducere.
938 2118 1061 2196 Negavi,
1082 2118 1115 2176 iu'
1135 2137 1203 2177 eam

200 2201 356 2273 coloniam,
370 2220 437 2278 quar
447 2210 525 2259 esset
538 2198 690 2277 auspicato
704 2199 842 2271 deducta,
857 2200 927 2256 dum
941 2210 1018 2257 esset
1032 2198 1201 2270 incolumis,

203 2277 347 2339 coloniam
368 2300 472 2339 novam
490 2280 555 2357 jure
576 2281 700 2338 deduci:
722 2279 841 2337 colonen
860 2298 949 2337 novos
970 2278 1097 2336 adscribi
1117 2296 1212 2353 possev

149 2358 186 2414 25
203 2360 347 2437 rescripsi.
403 2360 452 2417 Tu
474 2370 581 2431 autem,
603 2359 758 2417 insolentia
777 2359 881 2430 elatus,
902 2358 982 2416 omni
1005 2357 1201 2434 auspiciorum

201 2437 266 2514 jure
286 2439 409 2507 turbato,
424 2438 586 2496 Casilinum
608 2439 754 2497 coloniam
775 2437 930 2510 deduxisti,
945 2435 1002 2513 qud
1017 2449 1079 2496 erat
1099 2436 1202 2513 paucis

204 2517 288 2574 anuis
303 2515 371 2574 ante
385 2516 522 2589 deducta,
538 2528 570 2576 ut
583 2518 720 2576 vexillum
740 2519 865 2589 tolleres,
880 2528 909 2574 et
928 2527 1054 2574 aratrum
1075 2516 1200 2574 circum·

203 2595 343 2653 duceres:
372 2594 456 2671 cujus
483 2599 599 2672 quidem
621 2617 735 2656 vomere
755 2609 868 2674 portam
895 2596 1005 2673 Capuae
1031 2595 1108 2672 pene
1137 2615 1201 2672 per·

203 2674 353 2745 strinxisti,
368 2685 400 2731 ut
414 2673 542 2735 florentis
556 2677 677 2736 colonie
692 2677 866 2735 territorium
880 2676 1067 2733 minueretur.

125 2749 185 2838 ‘w
242 2753 292 2811 Ab
305 2753 362 2811 bac
376 2737 548 2831 religionum
568 2756 796 2833 perturbatione,
812 2756 927 2814 advolas
941 2755 970 2812 iu
993 2754 1034 2812 M.
1050 2753 1200 2823 Varronis,

157 2865 158 2868 ¹
202 2832 379 2892 sanctissimi
393 2844 479 2911 atquc
493 2835 672 2913 integerrimi
686 2836 750 2908 viri,
759 2836 882 2894 fundum
894 2834 1087 2893 Cassiuatem.
1129 2832 1201 2894 Quo

199 2913 286 2990 jurel
306 2933 363 2989 quo
382 2916 453 2973 orel
494 2914 617 2987 Eodem,
639 2916 763 2991 inquies,
778 2935 835 2992 quo
856 2915 887 2973 iu
909 2915 1058 2972 heredum
1082 2911 1117 2969 L.
1139 2911 1202 2968 Ru·

202 2992 268 3065 brii,
281 3012 339 3070 quo
352 2993 382 3052 iu
397 2995 544 3053 baeredum
559 2995 593 3053 L.
608 2994 738 3053 Turselii
757 2994 877 3072 pradia,
891 3013 948 3070 quo
961 2993 992 3050 in
1013 2992 1139 3068 reliquas
1159 2990 1202 3048 iu·

202 3073 398 3133 numerabiles
423 3075 647 3152 possessiones·
672 3074 712 3132 Et
739 3075 763 3131 si
791 3074 828 3131 ab
855 3074 948 3145 basta,
976 3072 1071 3130 valeat
1098 3072 1200 3140 hasta,

149 3144 185 3198 3⁵
202 3155 318 3213 valeant
346 3155 462 3228 tabula,
483 3153 570 3214 modd
591 3155 727 3225 CaesariS,
749 3173 807 3212 nou
828 3163 903 3224 ture,
938 3152 1044 3229 quibus
1063 3150 1200 3221 debuisti,

203 3254 262 3293 non
283 3235 388 3311 quibus
408 3246 440 3293 tu
461 3247 489 3294 te
510 3235 677 3293 liberavisti.
718 3233 859 3293 Varronis
879 3233 996 3309 quidem
1018 3231 1200 3289 Cassinatem

203 3313 325 3372 fundum
346 3315 410 3389 quis
430 3316 555 3373 veniisse
576 3315 670 3373 dicitl
704 3314 769 3390 quis
789 3313 901 3371 hastam
923 3312 1006 3370 istius
1027 3308 1202 3367 venditionis

190 3391 294 3449 'viditl
313 3394 379 3466 quis
392 3413 494 3452 vocem
508 3395 651 3470 praeconis
665 3393 796 3451 audivitl
839 3391 957 3449 Misisse
975 3402 1004 3449 te
1024 3390 1099 3448 dicis
1113 3390 1202 3446 Alex·

204 3469 345 3541 andriam,
372 3472 422 3547 qui
450 3483 559 3530 erueret
587 3491 603 3529 a
630 3472 756 3530 Caesare.
799 3471 900 3549 Ipsum
926 3470 1005 3528 enirn
1033 3477 1202 3545 exspectare

150 3536 185 3591 ⁴⁰
203 3566 341 3624 magnum
363 3549 426 3606 fuit.
467 3550 546 3612 Quis
573 3549 641 3608 verd
669 3552 779 3608 audivit
799 3569 938 3629 unquam,
961 3548 1083 3627 (nullius
1105 3557 1202 3605 atatem

203 3627 281 3685 salus
302 3645 380 3684 curra
400 3628 531 3704 pluribus
558 3629 626 3707 fuit)
648 3630 685 3686 de
707 3629 829 3687 fortunis
854 3629 997 3689 Varronis
1024 3647 1086 3686 rem
1113 3626 1202 3685 ullam

202 3726 266 3766 esse
280 3707 461 3765 detractam?
501 3706 594 3769 Quod
609 3708 633 3765 si
647 3707 736 3765 etiam
750 3709 865 3786 scripsit
879 3710 916 3768 ad
930 3719 959 3767 te
971 3708 1082 3777 Caesar,
1094 3716 1127 3764 ut
1140 3705 1203 3763 red·

204 3789 289 3846 deres
297 3807 305 3857 ;
326 3787 395 3863 quid
410 3785 480 3844 satis
493 3797 588 3863 potest
601 3787 661 3845 dici
675 3787 712 3846 de
728 3790 810 3847 tantb
824 3789 1028 3867 impudentia?
1069 3787 1202 3846 Remove

203 3868 315 3945 gladios
327 3870 482 3944 parumper
495 3866 568 3938 illos,
588 3887 661 3944 quos
674 3868 823 3927 videmus:
842 3869 903 3944 jam
932 3866 1089 3944 intelliges,
1116 3864 1203 3931 aliam
