2692 4484
252 310 256 316 '
358 308 904 375 onar1011.1rr1..cn'r11.1nnm.

140 469 168 526 la
177 469 237 545 jam
250 467 393 544 pernicies
407 478 564 525 amonstro
578 467 627 525 illo
641 475 727 543 atque
739 466 871 544 prodigio
883 466 1029 525 maenibus
1048 467 1116 544 ipsis
1146 478 1152 491 “

104 574 106 578 v
139 547 214 604 intra
227 545 334 603 moenia
347 545 568 622 comparabitur.
611 546 709 621 Atque
723 547 802 603 hunc
815 545 932 620 quidem
952 566 1053 614 uuum,
1067 547 1118 604 hu·

134 625 183 701 jus
196 624 264 681 belli
277 625 428 682 domestici
448 625 566 695 ducem,
579 623 642 681 sine
663 624 1007 684 controversid.ricimus.
1049 624 1118 682 Nou
1211 640 1215 645 ”

137 703 215 760 enim
234 703 294 778 jam
316 703 390 761 inter
410 704 502 761 latera
523 712 620 759 nostra
641 702 704 771 sica
727 702 776 759 illa
797 702 972 760 versabitur:
1002 721 1061 760 non
1086 703 1118 761 in

137 782 259 856 Campo,
273 801 332 839 non
346 782 376 839 in
390 782 460 851 soro,
476 799 535 838 non
550 780 579 837 in
594 780 688 851 curii,
702 800 760 837 non
774 781 898 856 denique
913 782 989 838 intra
1007 781 1119 839 domes·
1149 777 1168 831 5

137 860 211 918 ticos
223 861 357 936 parietes,
371 859 619 936 pertimescemus.
660 857 741 915 Loco
755 858 803 915 ille
816 869 911 915 motus
923 868 977 929 est,
991 856 1061 916 ciuu
1074 871 1119 919 est

137 958 174 997 ex
188 939 259 995 urbe
273 938 427 1014 depulsus:
448 934 545 1014 palam
563 936 626 1011 jam
645 954 713 992 cum
728 937 820 1007 hoste,
833 936 913 994 nullo
932 937 1118 1012 impediente,

138 1017 246 1074 bellum
263 1018 372 1093 justum
393 1034 536 1093 geremus.
578 1014 649 1071 Sine
663 1014 751 1072 dubio
764 1014 942 1091 perdidimus
961 1015 1118 1088 bominem,

138 1095 351 1172 magnificeque
365 1096 497 1165 vicimus,
510 1091 577 1149 crim
589 1092 668 1150 illum
683 1112 719 1150 ex
731 1093 855 1151 occultis
868 1093 981 1151 insidiis
995 1093 1024 1150 iu
1040 1113 1120 1170 aper·

138 1186 200 1230 turn
213 1174 397 1232 latrocinium
412 1172 599 1248 conjecimus.
639 1170 731 1233 Quod
745 1170 813 1229 verd
825 1191 883 1229 non
895 1181 1047 1230 cruentum
1059 1171 1169 1230 inu-10

139 1271 257 1309 cronem
280 1251 328 1329 (ut
348 1251 450 1331 voluit)
476 1249 588 1319 extulit,
610 1248 687 1324 qudd
711 1250 782 1307 vivis
806 1250 890 1307 nobis
911 1269 1044 1326 egressus
1063 1262 1118 1323 est,

138 1329 216 1406 qudd
231 1331 258 1388 ei
272 1329 378 1387 ferrum
393 1330 430 1386 de
440 1328 574 1385 manibus
585 1328 764 1399 extorsimus,
774 1327 851 1404 qudd
862 1329 1021 1387 incolumes
1030 1329 1119 1398 cives,

139 1407 216 1484 qudd
231 1419 356 1466 stantem
370 1409 470 1504 urbpnr
487 1408 534 1485 qe'
555 1407 614 1477 uit;
635 1418 742 1482 quanto
763 1408 878 1464 tandem
899 1408 978 1465 illum
998 1396 1120 1471 »iniciare

139 1487 278 1545 afflictum
293 1506 356 1543 esse
370 1497 399 1543 et
412 1425 497 1563 prbni
565 1480 598 1542 ln
607 1486 734 1562 putatisl
775 1484 794 1541 J
796 1496 861 1579 appt
873 1486 934 1576 llll?
949 1474 1029 1567 nuris
1042 1506 1121 1562 pros-

139 1576 242 1637 tratus,
256 1566 398 1636 Quirites,
413 1576 442 1622 et
455 1585 486 1622 se
500 1565 666 1641 perculsum
682 1573 766 1640 atque
782 1549 925 1639 abJedtum
939 1558 1119 1636 esse‘sentit3
1135 1576 1170 1630 15

140 1654 169 1700 et
182 1654 327 1719 retorquet
344 1645 444 1702 oculos
463 1641 593 1720 prosectd
608 1662 685 1719 saepe
706 1643 742 1700 ad
763 1645 840 1699 hanc
861 1634 972 1712 urbem,
986 1662 1072 1718 quam
1085 1638 1142 1701 ex‘

140 1723 201 1780 suis
215 1722 347 1782 faucibus
367 1732 495 1798 ereptam
516 1741 580 1779 esse
601 1722 698 1798 luget;
720 1740 783 1797 quta
803 1721 920 1796 quidem
941 1721 1031 1778 laetari
1051 1721 1122 1779 mihi

140 1801 263 1875 videtur,
278 1799 355 1877 qudd
370 1812 479 1859 tantam
493 1811 605 1878 pestem
618 1802 786 1871 evomuerit,
802 1801 933 1875 forasque
946 1799 1108 1877 projecerit.

181 1879 223 1936 ΙΙ.
253 1882 304 1951 At,
319 1880 344 1937 si
357 1880 425 1956 quis
435 1890 479 1937 est
489 1880 556 1937 talis
566 1879 680 1958 (quales
690 1898 755 1936 esse
765 1897 866 1936 omues
878 1880 1051 1958 oportebat),
1063 1878 1123 1954 qui,

142 1977 173 2015 rn
188 1959 244 2015 hoc
258 1959 329 2035 ipso,
345 1960 374 2016 in
388 1979 444 2035 quo
458 1959 582 2016 exsultat
602 1969 631 2016 et
651 1959 810 2034 triumphat
822 1958 913 2015 oratio
927 1977 1002 2029 mea,
1016 1977 1063 2014 me
1077 1976 1125 2015 re-
1137 1963 1173 2020 ω
1225 1958 1230 1961 “

142 2036 292 2095 hementer
307 2048 435 2109 accuset,
449 2035 527 2114 qudd
548 2047 607 2095 tarn
629 2038 783 2113 capitalem
797 2037 909 2092 hostem
923 2056 982 2093 uon
996 2055 1126 2112 compre-

142 2116 292 2173 henderim
306 2116 411 2191 potiris,
425 2116 512 2192 qudm
534 2117 696 2186 emiserim;
718 2135 777 2173 nou
799 2124 843 2171 est
865 2114 920 2171 ista
943 2133 1008 2170 meu
1029 2113 1124 2190 culpa,

141 2192 286 2265 Quirites,
298 2195 348 2251 sed
362 2205 532 2269 temporum.
574 2195 783 2269 interemptum
798 2212 860 2250 esse
873 2192 906 2250 L.
919 2192 1086 2265 Catilinam,
1096 2205 1126 2252 et

143 2272 313 2347 gravissimo
327 2272 467 2348 supplicio
482 2271 626 2342 affectum,
638 2271 812 2347 jampridem
824 2272 987 2348 oportebat;
1009 2272 1094 2347 idque
1108 2292 1125 2330 a

143 2369 190 2407 me
204 2361 234 2407 et
248 2370 310 2408 mos
325 2350 474 2426 majorum,
489 2362 519 2406 et
533 2349 617 2425 hujus
638 2350 751 2426 imperii
772 2351 917 2422 severitas,
932 2363 961 2409 et
974 2371 1020 2408 res
1033 2351 1124 2427 publi·
1137 2361 1173 2414 25

144 2448 180 2486 ca
194 2430 364 2504 postulabat.
406 2429 465 2485 Sed
479 2427 565 2503 quam
579 2430 685 2486 multos
697 2430 782 2487 luisse
796 2431 910 2506 putatis,
922 2431 981 2505 qui,
992 2450 1056 2505 quae
1069 2449 1124 2506 ego

143 2508 296 2574 deferrem,
310 2526 369 2565 non
389 2508 560 2564 crederentl
581 2507 668 2583 quarn
687 2510 800 2579 multos,
820 2510 879 2584 qui,
899 2520 1013 2585 propter
1033 2509 1124 2566 stulti·
1225 2568 1228 2572 Δ

143 2586 226 2656 tiam,
242 2605 298 2642 non
313 2587 466 2660 putarentl
498 2584 585 2661 qudm
606 2587 721 2657 multos,
735 2588 784 2663 qui
806 2589 893 2645 etiam
914 2588 1124 2645 defenderentl
1220 2610 1223 2616 ·

144 2662 231 2739 qudm
251 2665 365 2735 multos,
386 2665 444 2739 qui,
466 2675 580 2741 propter
601 2665 824 2741 improbitatem,
838 2666 986 2725 faverentl
1020 2667 1068 2724 Ac
1089 2666 1124 2736 si,

144 2742 257 2800 sublato
278 2743 335 2814 illc,
359 2744 464 2819 depelli
492 2764 509 2800 a
536 2745 617 2801 vobis
644 2764 730 2802 omne
756 2746 916 2821 periculum
941 2746 1124 2820 judicarem
1139 2756 1175 2811 30

142 2820 313 2897 jampridem
328 2841 382 2898 ego
396 2822 429 2880 L.
445 2823 604 2880 Catilinam
624 2843 683 2880 non
699 2822 787 2881 modd
802 2824 915 2881 invidiae
929 2843 1010 2895 meae,
1025 2821 1125 2881 verbm

145 2900 232 2956 etiam
247 2900 321 2972 vitae,
336 2901 464 2976 periculo
478 2903 666 2959 sustulissem.
710 2904 769 2959 Sed
783 2901 851 2959 cinn
866 2903 1001 2973 viderem,
1014 2902 1065 2980 (ne
1080 2923 1127 2960 vo·

146 2977 190 3034 bis
204 2979 319 3053 quidem
342 2981 520 3039 omnibusre
534 2982 698 3039 etiamtum
712 2982 846 3071 probati)
862 2983 886 3038 si
908 2981 997 3053 illum,
1012 2994 1044 3039 ut
1065 2992 1127 3040 erat

146 3059 274 3124 meritus,
291 3070 380 3115 morte
394 3060 572 3132 maluissem,
584 3061 653 3131 fore,
665 3073 698 3118 ut
708 3061 772 3137 ejus
782 3080 885 3131 socios,
894 3060 1002 3117 invidia
1012 3081 1127 3136 oppres·

147 3155 205 3207 sus,
220 3137 354 3213 persequi
375 3156 433 3193 non
453 3157 583 3233 possem3
604 3159 665 3196 rem
688 3140 746 3196 huc
767 3139 883 3209 deduxi,
898 3149 930 3195 ut
951 3150 1011 3196 tum
1032 3137 1127 3214 palam
1141 3148 1177 3203 35

59 3248 65 3258 ·
146 3234 278 3292 pugnare
292 3214 424 3290 possetis,
439 3234 507 3272 curn
520 3218 631 3274 hostem
647 3216 745 3293 aperte
761 3217 947 3275 videretis...

147 3308 155 3335 ¹
186 3293 286 3355 Quem
308 3293 424 3368 quidem
446 3313 500 3371 ego
524 3295 644 3366 bostem,
662 3296 811 3366 Quirites,
835 3294 921 3372 quarn
947 3295 1128 3355 vehementer

148 3372 218 3430 foris
231 3391 293 3429 esse
307 3372 468 3430 timendum
482 3385 591 3449 putem,
606 3375 675 3431 licet
690 3376 758 3432 hinc
773 3375 948 3451 intelligatis,
963 3373 1041 3450 qudd
1056 3376 1127 3433 illud

147 3451 235 3509 etiarn
249 3450 367 3509 moleste
384 3452 451 3523 fero,
466 3452 543 3528 qudd
562 3473 598 3510 ex
621 3453 700 3511 Urbe
721 3474 823 3529 parum
843 3455 996 3511 comitatus
1016 3456 1126 3512 exierit.

148 3530 267 3589 Utinam
282 3530 330 3587 ille
342 3550 442 3590 omnes
457 3551 557 3590 secum
571 3553 637 3590 suas
651 3534 749 3609 copias
759 3534 905 3591 eduxisset
917 3535 938 3591 l·
957 3533 1127 3609 Tongilium
1142 3542 1178 3597 4ο
1281 3560 1284 3564 ’

151 3609 224 3667 mibi
243 3611 362 3679 eduxit;
383 3630 468 3686 quern
483 3631 577 3669 amare
593 3613 622 3669 in
636 3612 775 3687 praetexti
792 3610 966 3691 [calumnii]
984 3621 1127 3686 coeperat3

150 3688 314 3747 Publicium
328 3700 356 3746 et
372 3688 547 3759 Munatium,
562 3710 683 3766 quorurn
697 3710 736 3747 aes
750 3691 886 3762 alienum,
901 3701 1083 3748 contractum
1097 3690 1128 3747 in

150 3768 266 3843 popina,
288 3768 399 3826 nullum
419 3769 585 3845 reipublice
606 3780 714 3827 motum
736 3770 837 3826 afferre
857 3780 984 3845 poterat:
1005 3768 1128 3842 reliquit,

151 3847 321 3924 quosvirosl
335 3859 443 3983 ‘¹⁰³3‘ss
452 3848 547 3907 alieno
557 3867 612 3907 aere
624 3849 631 3906 !
645 3846 734 3925 qutun
745 3848 889 3907 valentes!
905 3846 992 3923 quim
1002 3843 1128 3904 nobiles!
