2692 4484
392 305 529 356 onusto
553 306 622 390 nno
637 274 789 398 precum
813 301 942 351 ronan.
1150 306 1190 363 97

149 465 241 513 natur.
282 452 319 510 In
336 452 441 508 ooelum
464 449 550 524 hujus
568 429 691 523 proaius
710 445 786 504 Cato
805 446 932 503 tollitur:
953 445 1176 522 magnushow

64 539 70 542 ’
148 553 201 591 nos
219 532 313 609 populi
341 529 469 587 Romani
495 528 582 585 rebus
603 524 777 601 adjungitur.
817 524 929 592 Omnes
949 525 1076 600 denique
1096 524 1139 582 illi

148 611 279 682 Maximi,
300 608 445 678 Marcelli,
466 605 572 676 Fulvii,
593 624 652 662 non
665 605 736 660 >sine
756 604 901 661 communi
920 604 1052 661 omnium
1073 622 1139 661 nos·
1169 657 1199 670 ,,

13 712 18 717 ’
110 754 112 758 ,
148 690 224 748 trtim
237 690 323 747 laude
336 689 518 745 decorantur.

146 765 225 830 QX.
259 768 339 845 Ergo
358 767 450 837 illum,
463 764 514 839 qui
534 764 598 820 haec
618 760 887 835 iecerat„Rudiurn
907 756 1062 833 hominem,
1077 780 1138 819 ma·
1173 771 1191 824 5
1222 794 1253 812 ,ι

6 883 15 902 .
92 887 95 892 -
147 848 220 923 jores
233 844 721 915 nostriincivitatemreceperunt3
742 858 793 897 nos
807 839 885 896 hunc
898 839 1135 913 Heracleensem,

148 927 245 983 multis
265 925 431 991 civitatibus
451 919 618 995 expetitum,
639 918 671 975 in
697 919 754 975 hac
780 927 877 978 autem
899 918 1012 995 legibus
1033 920 1137 978 consti·

148 1015 252 1076 tutum,
267 1005 304 1062 de
318 1002 414 1060 nostrai
429 999 545 1057 civitate
559 997 730 1072 ejiciemusl

86 1087 91 1094 '
188 1083 278 1154 Nam,
289 1083 314 1138 si
327 1081 391 1157 quis
400 1071 544 1134 'minorem
557 1075 654 1152 gloriae
670 1075 795 1133 fructum
807 1084 889 1151 putat
902 1094 938 1132 ex
950 1076 1062 1134 Graecis
1075 1096 1136 1135 ver·

149 1163 230 1232 sibus
248 1160 368 1237 percipi,
382 1155 469 1233 qudm
483 1174 518 1212 ex
537 1154 658 1224 Latinis,
672 1155 856 1212 vehementer
876 1163 952 1211 errat
962 1174 977 1224 3,
989 1161 1136 1232 propterea
1156 1164 1189 1217 10

150 1239 229 1316 qubd
249 1239 353 1296 Graeca
372 1236 506 1313 leguntur
525 1233 555 1291 in
574 1233 707 1298 omnibus
722 1231 781 1290 ferd
801 1232 944 1310 gentibus,
960 1233 1064 1291 Latina
1076 1236 1136 1292 suis

152 1319 273 1388 finibus,
289 1316 400 1392 exiguis
420 1311 500 1383 sane,
521 1311 712 1370 continentur.
753 1311 866 1382 Quare,
887 1311 912 1368 si
932 1332 978 1369 res
998 1314 1052 1383 he,
1065 1314 1145 1389 quas'

110 1444 112 1448 .
152 1396 304 1474 gessimus,
324 1394 399 1453 orbis
427 1402 509 1449 terrae
537 1390 703 1466 regionibus
732 1390 925 1460 definiuntur3
955 1409 1059 1466 cupere
1088 1392 1136 1449 de·

153 1476 263 1544 bemus,
277 1473 333 1550 qud
348 1459 414 1530 nih
457 1535 458 1540 ἵ
494 1479 658 1552 ‘nostrarum
680 1470 737 1526 tela
755 1469 948 1545 pervenerint,
963 1468 1065 1527 eddem
1079 1457 1180 1547 glo-*s

152 1553 224 1611 riam
235 1553 394 1627 famamque
440 1547 444 1566 ¹
455 1555 554 1608 ‘ettare
565 1567 572 1617 ;
593 1546 671 1623 qudd
682 1545 751 1605 cum
762 1547 830 1624 ipsis
839 1548 961 1624 populis,
973 1549 1009 1604 de
1019 1568 1138 1621 quorum
1157 1548 1189 1599 15

151 1632 236 1688 rebus
256 1624 399 1699 scribitur,
414 1629 478 1685 haec
499 1626 593 1703 ampla
612 1636 697 1697 sunt3
718 1635 781 1683 tum
801 1625 941 1699 incerte,
956 1626 1137 1702 quidevitd,

128 1729 133 1743 ¹
169 1710 178 1766 l
213 1709 253 1786 [an
267 1709 365 1779 causi,
386 1706 536 1776 dimicant,
550 1707 606 1763 hoc
626 1705 785 1763 maximum
804 1714 834 1762 et
853 1704 1047 1781 periculorum
1068 1706 1138 1764 inci-

125 1783 129 1805 ”
279 1807 307 1844 m
321 1797 374 1858 est,
389 1795 419 1843 et
431 1785 569 1843 laborum.
671 1818 673 1823 π
1133 1855 1136 1860 ἢ

187 1864 288 1928 Quem
308 1866 412 1924 multos
431 1864 584 1940 scriptores
604 1882 699 1921 rerum
714 1881 832 1920 suarum
845 1879 968 1940 magnus
982 1863 1030 1921 ille
1050 1863 1138 1921 Alex·
1163 1892 1185 1903 -

152 1946 240 2003 ander
260 1961 360 2002 secum
380 1943 516 2002 habuisse
536 1942 661 2000 dicitur!
695 1943 791 2018 Atque
805 1941 831 1998 is
844 1952 952 2013 tamen,
967 1940 1035 1999 cum
1049 1943 1079 1999 in
1094 1942 1139 1999 Si·
1155 1948 1192 2002 20

150 2043 205 2100 geo
225 2025 261 2081 ad
282 2023 408 2081 Achillis
427 2022 570 2078 tumulum
591 2020 755 2091 adstitisset,
777 2019 834 2076 “O
848 2020 1020 2093 fortunate,''
1036 2020 1137 2097 inquit,
1159 2047 1162 2050 ·

152 2108 171 2134 “
183 2101 361 2172 adolescens,
387 2100 436 2176 qui
462 2109 519 2155 tuae
549 2099 661 2155 virtutis
687 2099 848 2157 Homerum
874 2093 1006 2176 prtebdne
1063 2100 1139 2157 inve-

152 2180 230 2237 neris
239 2181 265 2237 !'’
301 2178 340 2236 Et
359 2176 446 2235 vere:
470 2196 549 2248 nam,
570 2176 626 2234 nisi
645 2176 716 2234 Ilias
736 2177 786 2234 illa
805 2178 960 2236 exstitisset
967 2198 977 2249 3
999 2178 1076 2236 idem
1096 2188 1139 2235 tu·
1158 2201 1176 2210 ’-

153 2259 257 2329 mulus,
278 2257 328 2334 qui
347 2275 450 2333 corpus
469 2256 531 2331 ejus
551 2265 725 2328 contexerat,
746 2276 850 2314 nomen
878 2257 966 2314 etiam
989 2258 1137 2315 obruisset.

152 2336 258 2398 Quidl
285 2346 380 2394 noster
400 2333 449 2392 hic
469 2334 606 2410 Magnus,
620 2336 676 2410 qui,
691 2353 758 2392 cum
778 2334 882 2393 virtute
903 2337 1045 2394 fortunam
1067 2338 1140 2394 adae·
1157 2343 1193 2396 25

151 2416 259 2491 quavit,
279 2434 375 2473 nonne
394 2413 604 2489 Theophanem
625 2412 832 2489 Mitylenaeum,
855 2415 1022 2491 scriptorem
1043 2429 1138 2473 rerum
1168 2427 1186 2446 ²

152 2513 280 2565 suarum,
294 2493 324 2551 in
345 2493 484 2551 concione
504 2493 637 2563 militum,
653 2492 770 2550 civitate
787 2493 903 2551 donavit
911 2495 929 2551 l'
951 2504 980 2551 et
992 2495 1082 2552 nostri
1096 2494 1138 2552 illi

152 2571 239 2630 fortes
258 2572 322 2643 viri,
342 2572 393 2629 sed
413 2570 513 2629 rustici
535 2590 570 2628 ac
589 2570 709 2642 milites,
724 2571 877 2629 dulcedine
896 2572 1021 2649 quddam
1041 2573 1138 2649 gloriae

153 2651 297 2722 commoti,
316 2650 398 2728 quasi
416 2649 571 2727 participes
590 2649 720 2725 ejusdem
740 2650 843 2722 laudis,
864 2670 969 2729 magno
989 2652 1061 2711 illud
1081 2652 1139 2709 cla-

74 2797 79 2802 ,
151 2748 230 2788 more
244 2731 489 2807 approbaieruntl
909 2759 925 2774 ·
1052 2782 1056 2797 ,
1156 2734 1193 2787 30

191 2807 302 2884 Itaque,
315 2808 430 2886 (credo)
443 2809 467 2865 si
478 2806 550 2865 civis
560 2806 713 2865 Romanus
724 2807 850 2866 Archias
859 2808 971 2885 legibus
981 2829 1039 2867 non
1053 2820 1138 2881 esset,
1159 2833 1179 2845 *

152 2895 185 2943 ut
199 2889 234 2944 ab
249 2888 344 2962 aliquo
364 2886 534 2963 imperatore
554 2885 671 2943 civitate
692 2886 857 2959 donaretur,
869 2888 1008 2964 perlicere
1021 2908 1079 2946 non
1092 2909 1138 2964 po,

153 2966 215 3022 tuit.
257 2966 348 3036 Sulla,
363 2984 431 3040 cum
451 2966 597 3040 Hispanos
616 2975 646 3022 et
665 2965 766 3023 Gallos
786 2966 915 3037 donaret,
931 2967 1045 3046 (credo)
1061 2969 1140 3024 hunc

153 3053 298 3117 petentem
317 3044 513 3118 repudidsset:
534 3062 619 3117 quem
639 3064 692 3101 nos
712 3045 741 3101 in
764 3044 905 3102 concione
924 3046 1058 3116 uidimus,
1072 3043 1141 3101 cum

154 3121 182 3178 ei
195 3120 325 3178 libellum
338 3121 432 3177 malus
444 3125 530 3196 poeta
543 3122 580 3178 de
592 3123 696 3197 populo
715 3122 896 3198 subjecisset,
911 3122 988 3198 qubd
1002 3123 1141 3199 epigram·
1159 3131 1194 3183 35
1225 3153 1247 3164 -u

154 3217 203 3255 ma
213 3198 243 3256 iu
253 3218 320 3256 eum
332 3198 448 3256 fecisset
458 3201 654 3257 tantummodo
667 3200 784 3259 alternis
794 3201 923 3259 versibus
942 3201 1139 3277 longiusculis,

153 3272 251 3333 statini
265 3277 350 3335 exiis
369 3278 465 3349 rebus,
479 3297 551 3353 quas
570 3288 641 3335 tunc
660 3280 812 3350 vendebat,
824 3280 925 3355 jubere
944 3281 973 3338 ei
992 3280 1139 3356 praemium

152 3355 250 3426 tribui,
271 3356 325 3413 sub
351 3356 387 3413 ea
412 3356 585 3431 conditione,
606 3358 733 3431 nequid
759 3369 858 3435 postea
887 3359 1033 3417 scriberet.
1074 3357 1137 3421 Qui
1204 3379 1211 3424 j

51 3493 53 3496 .
152 3433 333 3498 sedulitatem
346 3434 416 3491 mali
430 3439 522 3511 poetae
536 3436 650 3493 duxerit
664 3436 759 3511 aliquo
771 3447 868 3494 tamen
880 3438 997 3514 praemio
1010 3438 1137 3515 dignam,

152 3510 236 3587 hujus
249 3512 398 3590 ingenium
413 3524 441 3570 et
456 3515 588 3572 virtutem
603 3514 633 3571 in
651 3515 804 3573 scribendo
817 3525 846 3573 et
860 3517 971 3593 copiam
984 3538 1042 3575 non
1056 3537 1135 3594 expe·
1158 3525 1192 3576 40

81 3665 83 3668 Ι
152 3587 254 3648 tissetl
286 3592 391 3654 Quint
420 3593 497 3655 aQ.
509 3592 633 3656 Metello
646 3593 709 3666 Pio,
724 3595 946 3672 familiarissimo
959 3615 1021 3668 suo,
1035 3598 1085 3672 qui
1099 3597 1136 3654 ci·

153 3668 240 3726 vitate
263 3671 365 3728 multos
389 3672 513 3743 donavit,
535 3692 631 3747 neque
652 3693 703 3748 per
722 3683 768 3746 se,
792 3693 886 3750 neque
911 3679 968 3751 per'
989 3674 1139 3742 Lucullos,
1313 3721 1319 3750 ,

154 3746 378 3822 impetraliffiei?
399 3751 448 3824 qui
468 3752 626 3838 prsssetlim
646 3772 737 3829 usque
756 3752 793 3811 ed
814 3754 851 3810 de
871 3754 930 3810 suis
950 3754 1038 3810 rebus
1051 3750 1140 3808 scribi
