2692 4484
154 324 196 387 30
422 319 559 369 ORATIO
581 318 627 369 lv.
649 319 687 370 IN
710 320 741 369 L.
758 320 971 375 carlulnaM.

135 492 140 501 x
204 462 417 538 circumspicite
436 481 537 520 omnes
560 462 710 538 procellas,
734 481 797 537 quae
821 463 998 540 impendent,
1018 464 1075 522 nisi
1101 468 1195 542 provi-

203 542 285 601 detis.
326 540 394 599 Non
416 540 465 598 Ti.
479 540 641 612 Gracchus,
656 541 706 616 qui
729 541 833 599 iterum
856 542 1103 617 tribunusplebis
1130 545 1194 605 fieri

203 620 307 690 voluit3
337 639 396 678 non
416 618 451 677 C.
474 619 637 690 Gracchus,
664 619 713 695 qui
741 621 868 697 agrarios
894 620 1042 679 concitare
1071 635 1192 682 conatus

202 709 262 768 est3
293 718 350 756 non
384 696 418 755 L.
446 697 629 769 Saturninus,
657 698 707 772 qui
740 699 775 757 C.
803 698 975 757 Memmium
1008 701 1126 773 occidit,
1160 704 1190 761 in

169 780 188 833 5
203 777 359 835 discrimen
374 776 497 851 aliquod,
513 786 598 851 atque
612 777 642 834 in
656 788 756 835 vestrae
767 779 927 836 severitatis
937 778 1091 854 judicium,
1103 781 1192 838 addu-

203 854 286 913 citur.
329 854 480 912 Tenentur
494 855 524 925 ii,
538 855 646 929 qui„ad
660 855 747 913 Urbis
761 857 939 927 incendium,
951 857 987 914 ad
998 868 1120 916 vestram
1131 879 1190 917 om·

201 932 282 991 nium
297 934 416 1004 caedem,
431 932 467 990 ad
481 933 638 1003 Catilinam
661 935 872 1010 accipiendum,
887 934 991 993 Romae
1014 938 1188 995 restiterunt.

202 1010 354 1070 Tenentur
377 1011 477 1083 litera,
491 1012 584 1089 signa,
599 1031 712 1084 manus,
729 1014 853 1088 denique
876 1014 1101 1090 uniuscujusque
1121 1036 1191 1074 con·

202 1089 303 1148 sessio:
324 1091 512 1148 sollicitantur
527 1090 713 1168 Allobroges3
735 1093 851 1150 servitia
860 1093 1039 1170 excitantur:
1060 1093 1188 1153 Catilina

154 1168 187 1221 10
202 1170 372 1227 arcessitur:
393 1169 480 1226 idest
497 1169 606 1227 'initum
629 1171 792 1242 consilium,
807 1182 848 1243 ut,
863 1171 1022 1230 intersectis
1043 1173 1187 1245 omnibus,

200 1267 295 1320 nemo,
310 1268 347 1307 ne
361 1249 398 1306 ad
411 1248 617 1325 deplorandum
637 1249 754 1323 quidem
776 1250 942 1327 reipublice
965 1269 1079 1322 nomen,
1101 1261 1208 1326 atque,

202 1326 238 1397 ad
251 1327 465 1385 lamentandam
478 1327 551 1385 tanti
565 1327 676 1403 imperii
692 1328 897 1401 calamitatem,
912 1329 1096 1403 relinquatur.

240 1405 298 1464 ΙΙΙ.
319 1406 394 1465 Haec
407 1405 504 1464 omnia
518 1406 629 1464 indices
643 1407 817 1478 detulerunt,
832 1408 874 1466 rei
888 1408 1012 1466 confessi
1032 1417 1116 1478 sunt3
1137 1428 1187 1467 vos

201 1484 298 1541 multis
314 1484 374 1560 jam
392 1485 509 1561 judiciis
532 1478 701 1559 judicastis:
728 1484 863 1561 primurn,
884 1484 962 1559 qudd
982 1487 1053 1544 mihi
1079 1487 1186 1563 gratias

93 1624 96 1631 .
152 1572 186 1626 15
200 1562 299 1638 egistis
313 1563 506 1639 singularibus
520 1562 629 1631 verbis3
650 1572 690 1633 et,
704 1564 770 1620 meri
794 1564 898 1622 virtute
918 1575 1003 1638 atque
1023 1565 1184 1642 diligentia,

199 1641 374 1717 perditorum
388 1641 535 1698 hominum
568 1640 722 1698 atelactam
736 1661 800 1699 esse
810 1642 1036 1718 conjurationem
1046 1643 1187 1701 decrevis-
1242 1702 1245 1707 ,

199 1718 252 1789 tis3
273 1719 388 1790 deinde,
403 1716 480 1793 qubd
493 1718 525 1776 P.
541 1660 707 1791 llentulum,
721 1731 753 1778 ut
767 1740 798 1778 se
813 1721 961 1779 abdicaret
973 1723 1106 1797 praeturri,
1121 1728 1186 1780 coii-

199 1797 297 1874 gistis3
325 1807 387 1854 tum
407 1794 484 1873 qudd
505 1815 582 1869 eum,
596 1808 625 1855 et
645 1809 774 1870 caeteros,
796 1800 956 1876 dequibus
973 1799 1135 1876 judicastis,
1155 1801 1186 1859 in

200 1876 361 1934 custodiam
374 1876 483 1934 dandos
497 1877 650 1934 censuistis
658 1898 665 1948 ;
688 1878 881 1954 maximeque,
895 1877 974 1953 qudd
994 1898 1058 1937 meo
1070 1879 1186 1938 nomine

150 1960 186 2015 20
195 1956 436 2032 ‘supplicationem
450 1955 633 2026 decrevistis3
655 1956 704 2031 qui
718 1958 807 2014 honos
820 1967 917 2032 togato
931 1958 1046 2016 habitus
1060 1968 1126 2015 ante
1139 1977 1186 2016 me

200 2045 243 2092 est
256 2034 383 2092 nemini:
402 2032 556 2112 postremb,
570 2035 705 2093 hesterno
718 2036 766 2092 die
788 2036 907 2111 praemia
929 2036 1033 2112 legatis
1057 2037 1187 2095 Allobro·

199 2132 278 2189 gum,
302 2113 428 2191 Titoque
452 2113 614 2185 Volturcio,
638 2114 758 2171 dedistis
786 2113 968 2191 amplissima,
1021 2115 1099 2176 Qua
1120 2125 1187 2173 sunt

198 2192 295 2250 omnia
308 2192 504 2269 ejusmodi,·ut
517 2193 548 2264 ii,
562 2193 612 2268 qui
626 2194 657 2251 in
671 2193 832 2251 custodiam
845 2192 1015 2251 nominatim
1035 2193 1094 2250 dati
1108 2204 1184 2265 sunt,

197 2270 261 2329 sine
275 2270 340 2328 ulla·
347 2272 525 2331 dubitatione
539 2291 557 2329 a
570 2272 649 2331 vobis
663 2273 792 2331 damnati
806 2292 870 2331 esse
882 2273 1040 2330 videanuu.
1064 2280 1069 2283 '

149 2354 184 2408 25
238 2350 298 2408 Sed
311 2369 366 2427 ego
379 2351 489 2410 institui
502 2351 609 2410 referre
624 2352 660 2409 ad
674 2372 733 2422 vos,
748 2353 848 2410 Patres
862 2352 1034 2428 Conscripti,
1048 2354 1186 2426 tanquam

199 2428 353 2504 integrum,
367 2439 396 2486 et
409 2431 445 2487 de
460 2430 545 2501 facto,
560 2431 629 2505 quid
649 2430 796 2506 judicetis,
811 2440 840 2488 et
863 2433 900 2488 de
922 2432 1017 2505 poena,
1031 2431 1101 2502 quid
1119 2449 1187 2488 cen·

199 2505 293 2564 sestis.
335 2505 390 2563 Illa
402 2507 567 2583 praedicam,
581 2529 644 2585 qnae
658 2517 725 2566 sunt
739 2508 873 2566 consulis.

238 2583 302 2661 Ego
315 2603 453 2662 magnum
465 2585 495 2643 in
509 2587 658 2664 republica
681 2586 789 2645 versari
812 2585 946 2655 sororem,
971 2595 1000 2642 et
1022 2604 1096 2643 nova
1109 2605 1185 2661 quar·

199 2664 265 2720 dam
279 2664 394 2723 misceri
408 2676 438 2723 et
451 2666 590 2724 concitari
600 2668 686 2738 mala,
698 2664 869 2742 jampridem
879 2663 1029 2721 videbam:
1043 2665 1095 2722 sed
1108 2666 1185 2723 hanc

149 2746 184 2800 30
199 2752 318 2814 tantam,
331 2754 391 2801 tam
404 2745 552 2803 exitiosam
567 2746 667 2804 haberi
688 2744 913 2821 conjurationem
937 2762 955 2800 a
978 2744 1098 2815 civibus,
1112 2763 1185 2802 nun·

198 2840 284 2898 quarn
297 2824 402 2898 putavi.
442 2824 541 2898 Nunc,
556 2825 705 2901 quidquid,
720 2834 773 2895 est,
787 2819 960 2899 qubcunque
983 2834 1082 2881 vestrae
1106 2842 1185 2880 men-

198 2910 242 2958 tes
255 2900 396 2960 inclinant
410 2913 494 2980 atque
508 2905 667 2976 sententia,
682 2902 866 2961 statuendum
886 2902 966 2960 vobis
990 2912 1056 2960 ante
1069 2913 1183 2960 noctem

198 2990 250 3038 est.
290 2980 443 3044 Quantum
457 2983 570 3042 lacinus
585 2985 621 3042 ad
635 3003 684 3042 vos
698 2983 825 3041 delatum
846 2982 892 3053 sit,
905 2981 1017 3039 videtis.
1058 2981 1139 3038 Huic
1159 2981 1183 3037 si

197 3079 304 3135 paucos
317 3061 422 3137 putatis
443 3063 543 3121 affines
562 3083 635 3135 esse,
649 3065 833 3120 vehementer
854 3061 964 3119 erratis.
1005 3059 1108 3119 Latius
1127 3060 1184 3134 opi-

148 3143 184 3197 35
198 3139 284 3199 nione
298 3142 514 3201 disseminatum
528 3154 571 3201 est
585 3145 640 3202 hoc
654 3142 779 3201 malum:
800 3143 937 3212 manavit,
951 3161 1009 3199 non
1029 3137 1121 3198 solum
1134 3158 1183 3214 per

197 3217 323 3293 Italiam,
337 3220 436 3280 verbm
450 3224 538 3283 etiam
551 3224 731 3282 transcendit
745 3223 850 3299 Alpes3
871 3232 910 3293 et,
924 3219 1046 3280 obscure
1058 3237 1183 3294 serpens,

197 3299 302 3357 multas
311 3301 372 3375 jam
384 3304 545 3378 provincias
559 3303 718 3378 occupavit.
760 3302 796 3359 Id
809 3301 930 3378 opprimi
950 3298 1135 3357 sustentando
1149 3316 1184 3353 ac

198 3377 364 3450 prolatando
390 3381 469 3437 nullo
491 3391 576 3454 pacto
597 3391 698 3454 potest.
739 3380 927 3451 Quaounque
951 3378 1060 3434 ratione
1079 3376 1184 3450 placet,

199 3454 330 3512 celeriter
344 3457 424 3511 vobis
437 3457 644 3513 vindicandum
658 3467 709 3511 est.

149 3535 184 3596 40
238 3532 297 3590 IV.¹
333 3532 427 3590 Video
441 3533 513 3590 duas
528 3534 623 3589 adhuc
634 3551 697 3589 esse
720 3531 895 3602 sententias;
917 3549 1005 3587 unam
1028 3530 1064 3586 D.
1081 3530 1183 3603 Silani,

198 3612 247 3687 qui
262 3622 370 3683 censet,
384 3631 443 3682 eos,
458 3613 505 3687 qui
520 3613 584 3669 haec
597 3610 693 3668 delere
714 3609 810 3667 conati
830 3621 907 3687 sunt,
921 3619 1011 3667 morte
1031 3629 1093 3667 esse
1113 3611 1185 3667 mul-

198 3693 319 3749 tandos:
341 3692 460 3749 alteram
474 3691 509 3750 C.
524 3690 658 3760 Caesaris,
672 3690 721 3765 qui
737 3688 835 3746 mortis
848 3707 961 3766 poenarn
981 3699 1116 3760 removet,
1131 3708 1185 3747 cae-

198 3781 324 3830 terorum
337 3770 540 3847 suppliciorum
560 3785 659 3827 omnes
681 3769 853 3828 acerbitates
874 3769 1062 3845 amplectitur.
1103 3768 1184 3826 Uter·

198 3871 265 3936 que,
292 3860 321 3913 et
345 3870 397 3928 pro
422 3850 475 3907 suri
502 3849 643 3927 dignitate
670 3860 700 3909 et
725 3869 776 3927 pro
802 3869 898 3907 rerum
925 3849 1132 3925 magnitudine,
1154 3847 1183 3905 in
