2692 4484
162 313 221 373 142
467 308 605 360 oacrio
626 306 665 358 IN
686 307 726 357 Μ.
749 305 953 357 ΔΝΤΟΝΙΙῙΜ.

211 452 344 512 audiatis.
384 451 481 511 Debet
493 451 573 509 enim
586 450 692 508 talibus
706 449 737 508 in
757 448 843 507 rebus
863 447 991 507 excitare
1012 449 1135 523 animos,
1149 471 1212 511 non
1277 475 1283 485 ·

211 533 339 611 cognitio
351 529 444 590 solium
463 549 571 602 rerum,
585 528 637 587 sed
657 528 746 587 etiam
767 528 937 586 recordatio.
980 528 1114 587 Tametsi
1136 529 1213 588 inci·

211 612 314 670 damus
326 619 436 687 oportet
448 609 555 680 media,
569 628 608 666 ne
621 607 708 666 nimis
722 604 787 665 serb
802 607 839 663 ad
852 615 982 664 extrema
996 608 1156 667 veniamus.

250 689 375 748 Intimus
387 697 450 747 erat
463 687 494 746 in
507 686 656 745 tribunatu
670 685 784 758 Clodio,
797 684 847 761 qui
867 704 922 743 sua
941 704 1011 763 erga
1030 705 1078 745 me
1098 687 1211 746 benefi-

179 768 259 837 5cia
286 776 492 826 commemorat
499 786 507 838 ;
537 765 600 856 ejus
626 765 756 823 omnium
785 764 986 823 incendiorum
1015 765 1070 822 fax.
1112 766 1210 844 Cujus

211 847 299 906 etiam
312 845 391 905 domi
404 846 542 922 quiddam
552 863 614 922 Jam
633 852 697 900 tum
716 842 832 904 molitus
852 853 915 901 est:
938 843 1008 919 quid
1021 843 1130 916 dicam,
1145 845 1209 922 ipse

210 923 317 1003 optimd
348 924 491 1002 intelligit
539 923 601 981 Iter
628 922 697 980 inde
725 921 933 980 Alexandriam
963 927 1063 980 contra
1085 924 1207 983 senatuis

212 1003 423 1076 auctoritatem,
443 1012 545 1061 contra
564 1001 737 1079 religiones:
766 1001 817 1058 sed
837 1000 964 1058 habebat
990 1000 1096 1059 ducem
1116 1003 1208 1060 Gabi-

211 1083 303 1155 nium,
324 1082 443 1158 quicum
462 1081 575 1158 quidvis
602 1079 763 1138 rectissime
794 1080 890 1138 facere
915 1088 1019 1155 posset.
1059 1079 1123 1141 Qui
1144 1092 1208 1139 turn

164 1170 198 1225 10
212 1162 282 1220 inde
309 1161 429 1233 reditus,
458 1170 508 1219 aut
534 1159 647 1236 qualisl
698 1155 784 1217 Prilia
812 1158 843 1216 in
872 1157 1002 1215 ultimam
1023 1158 1150 1217 Galliam
1170 1180 1208 1219 ex

212 1240 348 1318 AEgypto,
369 1238 457 1318 qudm
484 1241 610 1298 domum.
649 1237 728 1300 Quae
758 1247 854 1295 autem
882 1246 945 1295 erat
972 1237 1093 1295 domusl
1122 1258 1206 1297 suam

212 1320 290 1378 enim
316 1319 438 1396 quisque
458 1318 574 1377 domurn
593 1327 656 1374 tum
675 1315 840 1386 obtinebat;
871 1335 966 1390 neque
995 1326 1056 1374 erat
1084 1337 1206 1393 usquam

212 1408 271 1456 tua.
312 1398 439 1456 Domum
452 1397 540 1456 dicol
570 1395 640 1472 quid
659 1404 723 1453 erat
742 1394 773 1453 in
793 1394 887 1466 terris,
908 1394 958 1451 ubi
979 1394 1010 1453 in
1030 1405 1080 1454 tuo
1099 1398 1206 1473 pedem

211 1495 343 1554 poneres,
357 1486 459 1554 preter
472 1494 564 1534 unum
587 1473 746 1547 Misenum,
759 1474 836 1550 quod
857 1491 925 1532 cum
955 1473 1051 1546 sociis,
1066 1485 1206 1550 tanquam

164 1558 199 1614 15
213 1537 393 1632 Sisrsponem,
408 1555 548 1613 tenebas?

252 1634 323 1693 XX.
357 1633 473 1693 Venisti
492 1653 510 1692 e
529 1632 627 1691 Gallid
648 1633 684 1690 ad
705 1644 879 1709 quaesturam
906 1633 1069 1708 petendam.
1117 1633 1206 1692 Ande

213 1713 322 1785 dicere,
335 1723 365 1771 te
384 1711 465 1790 priris
485 1713 522 1770 ad
545 1711 708 1790 [parentem
728 1712 823 1847 tuam}
844 1711 967 1783 venisse,
981 1709 1067 1787 quiam
1089 1713 1125 1773 ad
1145 1731 1202 1771 me.

109 1843 111 1848 .
213 1793 396 1867 Acceperam
409 1792 488 1849 enim
504 1791 565 1868 jam
579 1789 647 1849 antri
661 1790 788 1849 Gaesaris
819 1789 915 1861 iteras,
930 1799 962 1847 ut
981 1790 1053 1847 mihi
1073 1791 1205 1849 satisfieri

212 1880 363 1948 paterere
390 1879 436 1928 te:
457 1870 555 1945 itaque
582 1889 620 1927 ne
649 1869 728 1945 loqui
755 1868 873 1945 quidem
903 1887 968 1926 sum
996 1878 1025 1926 te
1044 1889 1144 1946 passus
1165 1870 1204 1928 de

163 1945 200 2015 m
214 1948 316 2027 pratili.
356 1948 461 2007 Postea
474 1948 634 2007 custoditus
647 1967 711 2006 sum
735 1966 754 2006 a
774 1957 813 2019 te,
835 1955 867 2004 tu
888 1966 965 2006 ame
985 1947 1150 2007 observatus
1174 1949 1204 2007 in

213 2027 351 2105 petitione
370 2038 537 2104 quaesturae:
560 2047 618 2105 quo
644 2027 762 2103 quidem
790 2036 917 2103 tempore
937 2026 970 2084 P.
992 2027 1136 2099 Clodium,
1158 2047 1207 2104 ap·

212 2108 351 2183 probante
363 2108 467 2186 populo
480 2107 625 2178 Romano,
640 2107 670 2164 in
684 2106 745 2165 soro
758 2124 790 2163 es
810 2115 931 2163 conatus
951 2105 1103 2164 occidere:
1124 2104 1205 2164 cirm-

214 2205 271 2261 que
281 2206 347 2244 eam
360 2206 422 2245 rem
435 2186 485 2244 tui
499 2196 599 2263 sponte
613 2204 761 2260 conarere,
775 2202 834 2242 non
858 2184 982 2260 impulsu
1005 2203 1085 2255 meo;
1105 2194 1204 2243 tamen

215 2262 256 2321 ita
275 2264 464 2341 praedicabas,
490 2274 520 2323 te
548 2284 607 2323 non
627 2263 802 2334 existimare,
822 2262 879 2320 nisi
900 2262 981 2320 illum
1001 2263 1204 2335 interfecisses,

163 2350 200 2405 25
214 2362 342 2419 unquam
361 2343 443 2415 mihi,
466 2362 518 2420 pro
544 2343 603 2400 tuis
622 2342 653 2401 in
673 2361 721 2399 me
741 2340 864 2417 injuriis,
878 2341 948 2407 satis
967 2361 1032 2399 esse
1051 2341 1203 2401 facturum

213 2420 251 2479 In
264 2441 321 2497 quo
334 2421 468 2493 demiror,
483 2440 535 2479 cur
549 2420 691 2479 Milonem
711 2420 835 2496 impulsu
848 2438 914 2478 meo
932 2438 995 2478 rem
1016 2420 1095 2479 illam
1111 2421 1205 2498 egisse

214 2499 306 2569 dicas,
320 2496 389 2557 edm
410 2508 450 2569 te,
472 2498 547 2557 ultro
565 2498 638 2557 mihi
658 2498 737 2556 idem
757 2497 829 2556 illud
849 2499 1037 2572 deserentem,
1057 2518 1205 2576 nunquam

214 2575 269 2633 sim
290 2576 474 2634 adbertmus:
495 2595 670 2654 quanquam,
691 2577 716 2635 si
737 2576 767 2635 in
787 2596 823 2635 eo
877 2596 1048 2650 rseverares‚
1070 2578 1106 2636 ad
1126 2589 1206 2636 tuam

214 2654 334 2732 gloriam
347 2673 408 2712 rem
422 2655 501 2713 illam
515 2657 615 2715 referri
629 2656 784 2729 malebam,
798 2676 837 2733 qu
856 2675 885 2713 m
909 2657 946 2714 ad
963 2676 1060 2715 meam
1072 2658 1204 2734 gratiam.

162 2738 200 2794 30
251 2732 388 2795 Questor
401 2753 433 2791 es
446 2734 550 2807 factus,
565 2736 670 2794 deinde
691 2733 840 2807 contintid,
854 2734 917 2814 sine
937 2735 1205 2811 senatusconsulto,

213 2811 276 2870 sine
290 2821 375 2884 sorte,
389 2812 452 2871 sine
465 2812 540 2891 lege,
555 2815 592 2872 ad
606 2814 754 2872 Caesarem
774 2813 945 2881 cucurristi:
966 2813 996 2872 id
1016 2815 1095 2873 enim
1114 2834 1204 2873 unum

213 2890 244 2949 in
267 2891 361 2963 terris,
383 2892 529 2969 egestatis,
550 2893 615 2951 aeris
632 2892 734 2964 alieni,
756 2891 902 2967 nequitiae,
915 2892 1034 2970 perditis
1054 2893 1119 2952 vite
1139 2893 1205 2952 rati·

212 2969 326 3042 onibus,
339 2971 502 3048 perfugium
516 2991 579 3030 esse
593 2971 730 3030 ducebas.
771 2971 819 3030 Ibi
832 2982 861 3029 te
881 2970 950 3031 crim
974 2982 1004 3031 et
1023 2972 1101 3031 illius
1120 2973 1205 3050 largi·

212 3049 338 3108 tionibus
352 3060 382 3108 et
395 3051 452 3108 tuis
473 3051 580 3128 rapinis
593 3050 765 3128 explevisses
780 3050 819 3129 (si
842 3052 898 3111 hoc
919 3061 963 3109 est
985 3051 1109 3129 explere,
1129 3052 1203 3128 quod

161 3140 198 3198 35
213 3128 309 3187 statim
320 3130 486 3212 'efflandas),
515 3129 653 3189 advoldsti
681 3149 769 3207 egens
798 3130 835 3187 ad
857 3130 1046 3203 tribunatum,
1067 3130 1150 3188 utin
1169 3150 1204 3189 eo

212 3210 393 3286 magistratu,
407 3209 432 3268 si
444 3230 551 3286 posses,
566 3210 620 3271 viri
633 3209 676 3268 tui
690 3209 793 3267 similis
806 3228 892 3268 esses.

251 3289 340 3347 XXI.
374 3289 510 3365 Accipite
530 3308 620 3361 nunc,
641 3308 747 3364 quaeso,
761 3308 818 3346 non
833 3307 878 3361 ea,
892 3307 956 3363 quae
977 3288 1038 3365 ipse
1051 3288 1082 3345 in
1103 3308 1143 3359 se,
1165 3298 1204 3346 at·

211 3367 319 3438 quein
347 3368 537 3425 domesticum
568 3368 705 3439 dedecus,
727 3365 838 3444 impure
863 3377 949 3443 atque
970 3367 1204 3443 intemperanter,

211 3441 263 3498 sed
284 3461 347 3517 quae
367 3444 398 3502 in
418 3464 471 3504 nos
499 3446 684 3520 fortunasque
713 3455 834 3517 nostras,
856 3446 960 3517 idest,
981 3446 1011 3504 in
1039 3446 1205 3504 universam

161 3528 197 3583 40
211 3521 429 3596 rempublicam,
444 3522 532 3599 impie
547 3543 583 3583 ao
596 3521 719 3593 nefarie,
735 3524 860 3583 fecerit.¹
885 3525 936 3583 Ab
949 3525 1035 3601 hujus
1051 3524 1129 3583 enim
1143 3544 1194 3583 soe

210 3596 270 3655 lere
289 3600 419 3657 omnium
439 3600 578 3658 malorum
598 3601 772 3677 principium
792 3613 893 3661 natum
916 3604 1074 3679 reperietis.
1115 3603 1204 3676 Nam,

211 3673 289 3749 clim,
314 3676 347 3735 L.
363 3676 497 3749 Lentulo,
520 3679 554 3735 C.
570 3678 722 3751 Marcello,
744 3683 921 3753 oonsulibus,
936 3681 1076 3740 Calendis
1096 3682 1205 3740 lanua·

211 3754 271 3829 riis,
285 3757 430 3815 labantem
445 3766 475 3813 et
487 3756 574 3833 prope
598 3759 751 3816 cadentem
771 3761 981 3837 rempublicam
1002 3760 1105 3819 fulcire
1120 3781 1206 3838 cupe-

211 3836 290 3909 retis,
304 3836 414 3915 ipsique
435 3836 470 3896 C.
486 3836 606 3907 Caesari,
621 3837 646 3895 si
666 3838 738 3897 sani
758 3849 855 3913 mente
875 3849 962 3913 esset,
983 3841 1134 3899 consulere
1148 3839 1207 3898 vel·
