2692 4484
364 300 499 352 ORATIO
521 299 557 349 11.
577 299 615 348 IN
637 300 669 349 L.
692 299 908 351 CATILINAM.
1132 309 1171 367 21

149 452 234 509 modo
246 468 263 507 a
275 448 356 508 vobis
368 445 453 521 hujus
466 443 611 503 horribilis
624 443 694 500 belli
715 461 751 500 ao
769 444 873 502 nefarii
892 444 1055 520 periculum
1074 447 1122 505 de-

147 529 276 606 pellatur.
317 527 439 585 Dicatur
452 522 523 581 saue
538 521 648 597 ejectus
661 540 726 578 esse
740 541 758 580 a
779 541 836 594 me,
850 524 1007 581 dummodo
1027 533 1074 581 eat
1093 526 1123 582 in

148 608 297 666 exsilium:
319 606 379 676 sed,
393 602 464 660 mihi
479 602 599 672 credite,
613 620 671 658 non
685 610 729 658 est
748 601 848 660 iturus.
889 601 1050 676 Nunquam
1070 621 1125 678 ego

148 705 166 743 a
185 685 250 743 Diis
263 682 470 742 immortalibus
483 679 596 756 optabo,
610 678 753 750 Quirites,
768 680 883 738 invidie
906 699 978 737 mear
991 680 1123 738 levandae

148 763 246 835 causi,
261 773 293 820 ut
307 762 339 820 L.
355 761 513 820 Catilinam
527 758 643 849 ducere,
658 759 817 835 exereitum
840 759 975 829 hostium,
989 768 1075 834 atque
1092 759 1122 816 in
1154 768 1173 822 5

148 842 234 901 armis
244 842 371 913 volitare,
383 837 524 898 audiatis:
538 837 590 894 sed
600 824 696 894 tirddb
704 846 801 894 tamen
814 837 952 895 audietis:
972 836 1123 913 multoque

146 921 240 999 magis
254 921 324 979 illud
338 920 436 989 timeo,
458 935 496 975 ue
515 916 588 973 mihi
607 915 645 972 sit
663 914 837 972 invidiosum
859 916 1021 992 aliquando,
1042 914 1122 992 qubd

146 1001 228 1058 illum
241 1000 385 1057 emiserim
398 993 503 1073 potiris,
516 992 603 1069 quhm
616 989 694 1068 qubd
713 993 857 1069 ejecerint
899 995 968 1065 Sed,
982 992 1049 1052 clun
1064 995 1122 1052 sint

146 1078 286 1149 homiues,
300 1078 349 1154 qui
363 1077 455 1145 illum,
470 1091 536 1131 cum
555 1071 700 1148 profectus
721 1072 767 1143 sit,
781 1072 906 1150 ejectum
927 1092 991 1131 esse
1011 1073 1120 1145 dicant,

146 1158 244 1228 iidem,
258 1157 283 1215 si
297 1154 467 1214 interfectus
480 1162 565 1222 esset,
579 1151 648 1226 quid
662 1150 813 1209 dicereutl
1136 1167 1170 1221 10

184 1236 363 1310 Quanquam
377 1232 434 1302 isti,
448 1229 498 1307 qui
512 1228 669 1286 Catilinam
678 1228 839 1287 Massiliam
852 1230 895 1288 ire
905 1230 1048 1301 dictitant,
1062 1249 1120 1289 nou

145 1323 205 1370 tam
219 1315 275 1372 hoc
288 1319 457 1388 queruntur,
471 1306 556 1384 quern
572 1318 715 1365 verentur.
757 1308 852 1367 Nemo
865 1319 909 1367 est
922 1310 1040 1367 istorum
1060 1319 1120 1367 tam

144 1392 319 1462 misericors,
332 1390 383 1465 qui
396 1389 476 1445 illum
490 1406 547 1444 nou
561 1386 598 1443 ad
607 1385 760 1457 Manlium,
769 1384 855 1462 qudm
865 1388 902 1445 ad
912 1387 1119 1459 Massilienses,

145 1471 189 1528 ire
201 1471 292 1528 malit.
333 1468 388 1526 Ille
401 1476 507 1537 autem,
521 1465 546 1523 si
569 1464 764 1542 (mehercule)
779 1467 844 1537 boc,
866 1466 942 1542 quod
965 1466 1034 1542 agit,
1048 1486 1120 1525 uun·

144 1568 232 1624 quam
243 1546 310 1606 aute
321 1545 485 1624 cogitasset,
496 1555 593 1602 tamen
604 1541 823 1601 latrocinantem
832 1564 864 1602 se
874 1544 997 1602 interfici
1012 1545 1119 1616 mallet,
1135 1555 1169 1609 15

144 1625 231 1702 quhm
245 1626 372 1684 exsulem
385 1624 488 1682 vivere.
530 1621 560 1679 N
562 1641 620 1680 unc
629 1619 708 1693 vero,
718 1619 785 1680 oiim
794 1622 821 1680 ei
834 1622 906 1680 nihil
916 1623 1012 1680 adhuc
1018 1635 1119 1698 preter

144 1706 234 1782 ipsius
247 1705 421 1764 voluntatem
436 1701 696 1779 cogitationemque
720 1701 869 1772 acciderit,
882 1700 939 1758 nisi
952 1699 1029 1775 quod
1049 1701 1120 1760 vivis

145 1784 227 1842 nobis
240 1783 337 1842 Romi
349 1781 494 1859 profectus
507 1790 566 1851 est,
581 1789 712 1857 optemus
720 1778 825 1857 potius,
836 1791 868 1838 ut
878 1789 926 1837 eat
936 1779 966 1838 iu
976 1780 1118 1853 exsilium,

144 1859 232 1937 quam
245 1881 406 1938 queramur.
1213 1903 1215 1907 ,

185 1940 271 1999 VIII.
293 1941 353 1999 Sed
366 1959 419 1997 cur
439 1937 551 1996 tamdiu
571 1937 608 1996 de
629 1956 688 1996 uno
709 1938 790 1996 hoste
814 1935 964 2012 loquimur,
978 1948 1008 1995 et
1028 1937 1065 1996 de
1085 1956 1121 1996 eo
1133 1943 1170 1998 N

144 2019 235 2091 hoste,
248 2020 297 2096 qui
308 2020 368 2095 jam
382 2018 486 2075 fatetur
506 2036 537 2074 se
558 2035 621 2074 esse
642 2017 770 2086 hostem;
791 2025 822 2074 et
841 2034 935 2091 quem,
949 2017 1018 2091 quia
1032 2013 1121 2091 (quod
1288 2043 1295 2053 ν

42 2117 47 2124 ’
145 2116 256 2174 semper
268 2098 359 2174 volui)
374 2115 474 2154 murus
488 2096 617 2166 interest,
630 2115 689 2153 nou
703 2096 791 2153 timeo
799 2114 807 2164 ;
829 2094 866 2151 de
879 2094 934 2164 his,
947 2093 997 2170 qui
1011 2093 1122 2151 dissim-

144 2176 235 2247 ulant,
249 2177 299 2250 qui
312 2175 416 2233 Romae
436 2183 595 2243 remanent,
617 2173 666 2247 qui
687 2173 838 2230 nobiscum
860 2181 936 2244 sunt,
958 2172 1030 2230 nihil
1052 2171 1122 2230 diol-

145 2255 229 2311 musl
249 2272 320 2329 quos
338 2252 456 2328 quidem
475 2269 539 2326 ego,
560 2250 584 2307 si
607 2251 666 2308 ullo
685 2252 770 2309 modo
789 2250 852 2309 fieri
871 2251 969 2327 possit,
989 2261 1120 2309 nontam

144 2332 248 2390 ulcisci
275 2331 385 2401 studeo,
412 2327 499 2404 quam
522 2347 633 2399 sanare,
653 2339 683 2386 et
702 2329 777 2405 ipsos
795 2330 911 2406 placare
937 2329 1119 2405 reipublice:
1132 2344 1169 2398 25

145 2429 248 2486 neque,
263 2410 293 2467 id
307 2428 395 2484 quare
409 2407 471 2465 lieri
485 2426 543 2465 nou
555 2408 652 2483 possit,
662 2408 686 2465 si
699 2427 747 2466 me
756 2409 879 2480 audirer
897 2408 967 2483 leqt,
981 2408 1118 2485 intelligo.

145 2488 293 2563 Exponam
303 2486 381 2545 enim
394 2486 483 2557 vobis,
491 2485 634 2556 Quirites,
645 2505 683 2543 ex
694 2488 797 2562 quibus
806 2429 962 2583 genelibqq
970 2486 1119 2573 hominum

144 2567 205 2624 istae
220 2566 309 2642 copie
322 2575 539 2641 comparentur:
560 2564 665 2622 deiude
680 2565 799 2642 singulis
816 2554 991 2623 medrdinam
1005 2565 1118 2624 consilii

145 2654 230 2720 atque
242 2644 378 2703 orationis
390 2662 473 2714 mere,
488 2643 512 2702 si
526 2661 612 2718 quam
625 2652 733 2719 potero,
748 2644 873 2701 afferam.

183 2723 280 2781 Unum
293 2741 385 2799 genus
399 2731 443 2780 est
455 2741 564 2794 eorum,
579 2722 638 2797 qui,
652 2738 758 2800 magno
771 2722 801 2782 iu
814 2741 870 2780 aere
885 2722 988 2794 alieno,
996 2720 1119 2798 majores
1131 2733 1168 2789 30

144 2801 230 2859 etiam
243 2802 434 2877 possessiones
448 2801 572 2870 habent3
594 2819 716 2876 quarum
737 2819 832 2858 amore
853 2801 980 2872 adducti,
1001 2800 1118 2858 dissolri

144 2880 222 2937 nullo
235 2881 319 2939 modo
325 2890 451 2956 possunt.
492 2878 606 2937 Horum
620 2879 769 2937 homiuum
781 2879 892 2955 species
904 2890 948 2937 est
955 2878 1119 2937 honestissi-

144 2975 191 3014 ma
206 2956 286 3035 (sunt
299 2959 377 3016 enim
390 2958 572 3035 locupletes),
581 2954 789 3015 voluntasverb
798 2966 828 3015 et
837 2975 926 3015 causa
934 2957 1119 3033 impudentis·

144 3036 224 3093 sima.
266 3036 316 3094 Tu
331 3036 416 3112 agris,
430 3047 462 3093 tu
476 3036 615 3106 aediliciis,
629 3045 662 3093 tu
677 3045 805 3111 argento,
813 3045 845 3092 tu
854 3035 972 3107 familiia,
986 3046 1018 3093 tu
1032 3035 1119 3094 rebus

143 3114 276 3171 omnibus
289 3114 601 3205 omatqplpgmpiosus
622 3114 678 3183 sis3
699 3124 729 3171 et
750 3113 864 3171 dubites
884 3114 921 3171 de
940 3114 1118 3189 possessione
1130 3124 1166 3178 35

144 3193 305 3261 detrahere,
321 3209 468 3266 acquirere
483 3192 519 3248 ad
533 3191 645 3249 lideml·
667 3191 752 3254 Quid
772 3192 849 3250 enim
863 3192 1031 3267 exspectasl
1061 3190 1119 3248 bel·

143 3270 223 3327 lumi
245 3269 334 3345 quidl
355 3288 434 3347 ergo,
455 3268 663 3327 intestatione
685 3270 824 3341 omnium,
839 3280 904 3327 tuas
927 3269 1118 3346 possessiones

144 3357 341 3406 sacrosanctas
358 3347 468 3405 suturas
487 3349 593 3423 putasl
613 3349 663 3408 Au
687 3349 800 3406 tabulas
819 3350 935 3410 novast
948 3358 1053 3419 errant,
1067 3347 1117 3424 qui

143 3427 212 3483 istas
226 3445 244 3483 a
257 3425 384 3484 catilina
397 3436 571 3502 exspectant
612 3425 683 3484 Meo
696 3426 837 3484 beneficio
850 3427 955 3484 tabulae
963 3446 1042 3484 nore
1054 3446 1118 3504 pro·

144 3505 278 3576 serentur,
291 3502 392 3562 verbm
406 3504 606 3563 auctionariae:
627 3524 720 3579 neque
734 3505 812 3563 enim
826 3505 883 3576 isti,
896 3506 946 3582 qui
965 3506 1117 3582 possessio-
1129 3514 1165 3569 4ο

143 3602 194 3639 nes
213 3584 330 3654 habent,
352 3583 408 3640 alit
422 3584 531 3641 ratione
551 3582 611 3640 ulla
630 3583 701 3640 salvi
727 3602 791 3640 esse
813 3595 939 3658 possunt.
979 3582 1072 3645 Qudd
1091 3584 1116 3642 si

142 3659 283 3720 maturius
296 3661 393 3719 Iacere
405 3662 569 3731 voluisseut,
583 3680 677 3736 neque
698 3660 743 3736 (id
756 3661 832 3736 quod
846 3662 1044 3719 stultissimum
1058 3662 1116 3739 est)

144 3750 253 3798 certare
268 3758 334 3799 cum
348 3740 442 3797 usuris
463 3740 604 3797 fructibus
623 3741 813 3815 praediorum3
835 3750 864 3796 ot
884 3739 1117 3814 locupletioribus

143 3818 189 3875 his
214 3829 244 3877 et
268 3818 442 3877 melioribus
460 3818 571 3876 civibus
591 3827 746 3875 uteremur.
801 3817 861 3875 Sed
880 3818 967 3874 hosce
987 3816 1118 3874 homines
