2692 4484
168 349 209 410 40
411 344 547 396 ORATIO
569 345 616 396 lv.
639 345 677 394 IN
700 345 732 394 L.
754 343 968 394 CATILINAM.

188 552 194 563 ¹
221 487 368 547 habendos
380 499 457 565 puto.
499 488 605 549 Caeteri
618 486 687 546 verb
703 486 768 562 (Dii
785 486 991 567 immortalesll
1007 488 1065 563 qud
1079 488 1218 566 frequen·

219 567 271 640 tis,
286 587 342 643 quo
359 567 464 638 studio,
478 567 535 642 qua
555 567 669 638 virtute,
685 566 722 624 ad
742 585 925 625 communem
945 566 1117 644 dignitatem
1137 572 1218 628 salu-

219 657 335 722 temque
355 643 557 704 consentiunt!
598 645 683 709 Quid
701 664 757 722 ego
776 644 826 703 hic
846 645 958 720 equites
972 646 1122 707 Romanos
1135 669 1217 708 com·

220 727 396 784 memoreml
413 724 467 814 qui
480 723 560 783 robis
573 723 615 782 ita
627 742 770 781 summam
788 723 899 783 ordinis
918 726 1089 802 consiliique
1107 747 1217 787 conce-

184 804 302 875 5dunt‚
323 814 356 862 ut
375 804 523 862 vobiscum
543 804 580 861 de
602 810 704 862 ‘amore
730 802 896 879 reipublicae
917 815 1046 876 certent;
1074 825 1155 881 quos,
1176 827 1216 865 ex

220 883 374 941 multorum
394 901 534 941 annorum
554 881 732 941 dissensione
753 882 790 939 ad
810 881 895 958 hujus
913 884 1024 942 ordinis
1043 885 1214 944 societatem

220 961 461 1037 concordiamque
491 960 825 1059 revocqtos,hodierm1s
852 961 915 1019 dies
942 963 1100 1035 vobiscum,
1125 974 1214 1040 atque

134 1092 141 1105 ,
220 1041 283 1101 haec
303 1059 402 1112 causa,
417 1040 581 1118 conjungit3
603 1058 690 1115 quam
710 1029 944 1115 conjuridtloll'em
963 1040 999 1112 si,
1013 1041 1044 1099 in
1059 1044 1214 1101 considam

87 1119 418 1191 „.„„„1conlirmatam
438 1138 513 1190 meo,
550 1182 559 1195 Α
613 1129 694 1193 tuam
715 1118 745 1176 in
765 1118 915 1201 republica
928 1120 1107 1179 tenuerimus
1114 1143 1123 1192 ;
1144 1142 1214 1180 con-

60 1198 67 1205 '
171 1198 204 1251 10
220 1198 302 1256 firmo
315 1198 405 1269 vobis,
419 1199 531 1256 nullum
635 1178 719 1255 a‘sln
820 1198 906 1257 civile
920 1217 956 1256 ac
969 1199 1159 1257 domesticum
1175 1202 1212 1259 ad

220 1276 309 1334 ullam
328 1276 494 1353 reipublice
513 1288 624 1353 partem
637 1295 701 1334 esse
715 1286 876 1335 venturum.
918 1277 985 1335 Pari
1005 1278 1100 1337 studio
1113 1279 1213 1337 defen·

220 1354 322 1414 dendae
342 1355 508 1432 reipublicre
528 1355 697 1414 convenisse
710 1356 794 1414 video
806 1355 937 1416 tribunos
956 1358 1079 1428 aerarios,
1094 1359 1212 1417 fortissi-

220 1453 282 1494 mos
295 1434 386 1506 viros3
407 1435 517 1493 scribas
531 1434 600 1492 item
614 1433 778 1505 universam
800 1454 871 1510 quos
892 1434 960 1493 cum
980 1455 1051 1493 casu
1071 1437 1134 1494 haro
1148 1438 1211 1495 dies

221 1514 258 1571 ad
278 1514 410 1572 aerarium
431 1514 648 1589 frequentasset,
662 1512 812 1591 video,qab
833 1514 1046 1592 exspectatione
1065 1514 1211 1587 sortiss‘ad

170 1601 203 1657 15
221 1611 404 1652 communem
414 1593 536 1651 salutem
545 1612 610 1651 esse
620 1612 781 1652 conversos.
812 1592 918 1653 Omnis
927 1593 1118 1670 ingenuorum
1129 1595 1211 1652 adest

220 1670 382 1744 multitudo,
391 1672 479 1731 etiam
488 1671 730 1731 tenuissimorum.
764 1671 844 1734 Quis
856 1683 901 1731 est
913 1673 1002 1744 enim,
1017 1673 1066 1730 cui
1078 1693 1136 1731 non
1146 1675 1210 1731 haec

220 1750 336 1828 templa,
351 1752 503 1828 adspectus
522 1751 612 1823 urbis,
625 1749 767 1828 possessio
779 1750 930 1823 libertatis,
944 1752 995 1809 lux
1007 1752 1133 1827 denique
1146 1754 1209 1810 haec

220 1828 292 1906 ipsa,
306 1840 335 1887 et
348 1831 404 1888 hoc
417 1847 570 1888 commune
582 1829 682 1906 patria
696 1829 798 1901 solum,
813 1827 882 1888 crim
895 1831 932 1887 sit
946 1849 1056 1903 carum,
1066 1830 1128 1889 tum
1142 1830 1209 1889 verb

220 1907 306 1966 dulce
320 1919 406 1984 atque
417 1908 599 1985 jucundum?

167 1995 203 2051 20
261 1986 346 2048 vl11.
380 1986 484 2064 Operae
496 1988 620 2065 pretium
640 1997 694 2059 est,
708 1987 810 2046 Patres
823 1987 998 2064 Conscripti,
1011 1987 1209 2047 libertinorum

220 2067 368 2125 hominum
388 2064 484 2125 studia
498 2085 690 2145 cognoscere;
711 2065 772 2141 qui,
786 2066 891 2124 virtute
911 2067 964 2124 susa
984 2067 1127 2125 fortunam
1140 2068 1210 2124 civi-

220 2145 287 2203 tatis
300 2145 459 2218 consecuti,
474 2143 630 2204 hanovere
646 2163 729 2202 suam
742 2145 865 2220 patriam
878 2164 942 2203 esse
952 2145 1101 2221 judicant3
1122 2164 1209 2220 quam

221 2224 347 2299 quidam,
361 2226 431 2284 hinc
444 2224 516 2296 nati,
525 2234 554 2282 et
564 2242 677 2282 summo
689 2223 751 2281 nati
764 2223 837 2295 loco,
848 2243 906 2293 non
919 2224 1041 2300 patriam
1055 2242 1146 2295 suam,
1157 2224 1208 2281 sed

220 2304 321 2362 urbem
335 2305 470 2376 hostium,
481 2323 544 2362 esse
555 2302 767 2380 judicaverunt
797 2304 857 2361 Sed
866 2302 935 2377 quid
945 2322 1000 2379 ego
1008 2302 1127 2378 hujusce
1135 2302 1209 2361 ordi·

167 2390 204 2444 25
220 2381 266 2438 nis
287 2383 417 2441 homines
437 2400 668 2453 commemorem,
683 2400 758 2457 quos
772 2381 889 2456 privatae
903 2381 1034 2452 fortunae,
1048 2400 1118 2457 quos
1132 2400 1210 2440 com·

220 2461 315 2517 munis
336 2461 508 2537 respublica,
523 2481 594 2535 quos
615 2460 740 2534 denique
760 2459 879 2516 libertas
898 2477 942 2528 ea,
957 2478 1020 2532 quar
1041 2460 1210 2518 dulcissima

179 2542 182 2551 ’
221 2547 273 2607 est,
294 2539 330 2596 ad
350 2539 471 2597 sulutem
490 2538 589 2615 patriae
610 2538 821 2597 defendendam
840 2536 996 2595 excitavitl
1038 2536 1146 2594 Servus
1165 2547 1209 2595 est

220 2635 315 2687 nemo,
330 2617 378 2691 qui
399 2616 484 2675 modb
505 2617 645 2676 tolerabili
666 2615 830 2675 conditione
851 2615 888 2673 sit
908 2615 1062 2686 servitutis,
1082 2615 1208 2690 quinon

222 2694 374 2753 audaciam
395 2696 502 2754 civium
521 2697 736 2773 perhorrescat3
767 2695 816 2771 qui
836 2714 894 2754 non
914 2695 977 2754 haec
998 2704 1074 2752 stare
1094 2695 1207 2771 cupiat;

168 2779 204 2834 30
221 2773 340 2848 quinon
354 2784 476 2847 tantum,
491 2786 630 2850 quantum
644 2776 742 2847 audet,
756 2784 786 2832 et
805 2784 945 2850 quantum
963 2783 1065 2851 potest,
1080 2773 1209 2831 conferat

222 2853 258 2910 ad
272 2872 454 2913 communem
467 2855 600 2926 salutem,
615 2853 778 2912 voluntatis.

258 2932 371 3004 Quare,
382 2933 407 2991 si
421 2952 506 3009 quem
520 2933 646 2991 vestrdm
660 2931 732 2991 forte
748 2942 909 2991 commovet
918 2932 984 3002 hoc,
993 2932 1069 3006 quod
1080 2930 1208 2988 auditum

221 3021 273 3082 est,
287 3011 421 3071 lenonem
441 3013 586 3088 quendem
606 3011 724 3070 Lentuli
744 3030 919 3071 concursare
939 3010 1051 3068 circum
1064 3011 1207 3081 tabernas,

219 3090 311 3166 pretio
329 3111 443 3170 sperare
471 3090 620 3150 sollicitari
646 3110 731 3168 posse
752 3091 863 3150 animos
883 3089 1031 3168 egentium
1052 3097 1137 3163 atque
1157 3086 1209 3144 im-

168 3171 204 3226 35
219 3170 375 3246 peritorum
383 3191 391 3243 ;
412 3181 457 3230 est
470 3171 500 3231 id
514 3170 631 3247 quidem
645 3180 771 3246 coeptum
791 3183 877 3246 atque
893 3179 1052 3228 tentatum:
1073 3167 1123 3225 sed
1137 3166 1207 3225 nulli

221 3260 287 3308 sunt
300 3250 409 3311 inventi
422 3261 482 3317 tam
497 3261 547 3310 aut
560 3249 674 3309 fortuni
688 3249 796 3321 miseri,
811 3260 861 3307 aut
874 3250 1020 3308 voluntate
1032 3244 1145 3323 perditi,
1160 3244 1207 3319 qui

220 3347 278 3386 non
299 3329 391 3405 ipsum
412 3330 494 3387 illum
513 3330 590 3389 sellae
613 3338 699 3403 atque
711 3328 805 3406 operis
817 3339 848 3387 et
861 3328 986 3403 quaestds
1000 3324 1157 3401 quotidiani
1170 3324 1208 3381 lo·

221 3424 289 3462 cum
297 3427 305 3476 ;
327 3407 376 3482 qui
387 3428 445 3466 non
455 3408 552 3467 cubile
566 3427 601 3466 sc
614 3408 754 3466 lectulum
768 3426 869 3477 suum;
890 3405 938 3481 qui
948 3404 1073 3478 denique
1081 3422 1138 3461 non
1147 3421 1208 3460 cur·

221 3501 285 3539 sum
298 3485 377 3543 bunc
390 3486 513 3544 otiosum
525 3486 590 3544 vitae
604 3505 674 3558 sure,
688 3486 799 3544 salvum
813 3504 877 3544 esse
889 3482 1003 3541 vellent.
1037 3478 1133 3537 Multo
1142 3477 1207 3538 verb
1260 3532 1267 3545 ,

168 3561 205 3618 40
222 3562 347 3621 maxima
355 3583 421 3640 pars
430 3583 538 3637 eorum,
550 3565 599 3641 qui
614 3564 644 3623 in
657 3565 786 3624 tabernis
799 3574 882 3633 sunt3
904 3561 992 3618 immo
1001 3556 1069 3617 verb
1080 3558 1123 3634 (id
1132 3559 1207 3617 enim

220 3639 316 3718 potius
335 3653 379 3701 est
399 3642 568 3724 dicendum)
590 3664 683 3721 genus
713 3646 769 3702 hoc
796 3642 962 3701 universum
983 3638 1207 3698 amantissimum
1236 3650 1238 3653 ·

221 3729 266 3779 est
278 3721 346 3779 otii:
368 3721 477 3781 etenim
489 3742 574 3782 omne
590 3742 689 3782 eorum
710 3722 942 3791 instrumentum,
955 3718 1050 3777 omnis
1068 3737 1156 3794 opera
1175 3735 1207 3773 ac

222 3810 357 3877 questus,
371 3801 533 3879 frequentia
546 3802 653 3862 civium
673 3803 840 3874 sustinetur,
855 3799 940 3858 alitur
953 3798 1029 3859 otio:
1051 3815 1172 3873 quorum
1185 3794 1206 3853 si
1234 3848 1236 3853 .
