2692 4484
178 335 220 395 28
417 333 553 384 ORATIO
574 333 624 385 111.
648 332 686 383 ΙΝ
708 334 740 383 L.
762 334 976 385 CATILINAM.

152 470 159 479 ’
232 474 451 551 aruspicumque
464 476 615 552 responsis,
630 496 661 534 se
675 495 738 534 esse
751 478 868 535 tertium
882 478 964 535 illum
981 478 1160 553 Cornelium,
1176 485 1213 541 ad

230 572 316 628 quem
334 572 456 631 regnum
476 554 562 630 hujus
582 555 669 613 Urbis
690 566 775 631 atque
795 557 946 631 imperium
966 560 1116 633 pervenire
1136 573 1213 619 esset

231 651 367 689 necesse:
388 632 514 690 Cinnam
529 645 596 691 ante
609 652 641 692 se
654 644 684 692 et
702 635 814 692 Sullam
827 633 934 693 fuisse:
955 637 1137 711 eundemque
1151 640 1213 696 dix-

231 710 298 779 isse,
309 710 425 768 fatalem
436 712 514 769 hunc
528 731 592 770 esse
606 731 714 770 annum
726 713 762 770 ad
772 713 921 771 interitum
932 715 1018 790 hujus
1028 715 1114 772 Urbis
1125 728 1212 791 atque

196 789 214 841 5
231 788 353 865 imperii,
367 789 417 864 qui
430 801 506 848 esset
519 790 652 848 decimus
662 810 755 849 annus
764 802 828 868 post
838 793 982 870 virginum
993 794 1211 867 absolutionem,

97 870 102 875 '
229 879 292 942 post
312 867 447 944 Capitolii
468 879 564 927 autem
585 869 783 928 incensionem
803 871 966 929 vicesimus.
1008 872 1095 930 Hanc
1114 885 1211 930 autem

230 945 361 1022 Cethego
381 966 449 1005 cum
476 948 588 1006 oaeteris
615 949 837 1007 controversiam
860 949 949 1007 fuisse
968 950 1111 1021 dixerunt,
1132 950 1212 1026 qudd

231 1024 354 1082 Lentulo
372 1035 401 1082 et
423 1025 497 1096 aliis,
512 1026 622 1084 caedem
636 1027 839 1085 Saturnalibus
859 1028 931 1100 fieri,
947 1038 1032 1103 atque
1046 1030 1154 1087 Urbem
1167 1031 1212 1087 in·
1312 1062 1314 1065 ·

230 1103 326 1174 cendi,
340 1103 485 1179 placeret3
507 1103 638 1194 Cethego
651 1104 774 1163 nimidm
789 1106 818 1162 id
832 1108 950 1183 longum
964 1108 1062 1166 videri.

181 1180 214 1233 10
270 1180 306 1238 V.
347 1183 405 1253 Ac,
416 1202 453 1240 ne
464 1183 581 1258 longum
591 1194 638 1254 sit,
647 1182 791 1255 Quirites,
802 1187 923 1243 tabellas
935 1186 1054 1261 proferri
1061 1186 1209 1262 jussimus,

230 1278 293 1333 quae
308 1279 325 1316 a
338 1279 450 1335 quoque
464 1261 635 1333 dicebantur
649 1261 732 1337 dqtae.
771 1263 902 1322 Primhm
915 1265 1091 1322 ostendimus
1105 1265 1211 1323 Cethe·

229 1338 408 1415 gosignum:
429 1339 570 1416 cognovit.
601 1339 664 1398 Nos
677 1339 770 1398 linum
784 1342 956 1401 incidimus:
976 1342 1106 1419 legimus.
1137 1344 1210 1400 Erat

230 1417 368 1492 scriptum
388 1417 477 1493 ipsius
496 1435 585 1474 manu
612 1419 801 1496 Allobrogum
822 1422 935 1478 senatui
955 1432 985 1478 et
1003 1422 1114 1498 populo,
1135 1441 1208 1491 sese,

230 1514 294 1570 quae
314 1514 412 1554 eorum
432 1496 535 1572 legatis
562 1497 770 1568 confirmasset,
790 1518 853 1556 esse
874 1499 1035 1556 facturum:
1065 1519 1156 1569 orare,
1176 1510 1209 1555 ut

180 1585 213 1638 15
231 1574 299 1632 item
314 1574 356 1641 illi
370 1574 507 1645 facerent,
522 1593 586 1650 quae
606 1576 663 1632 sibi
683 1575 772 1652 legati
791 1595 890 1635 eorum
904 1576 1088 1651 recepissent.
1129 1577 1209 1633 Tum
1240 1648 1244 1652 Δ

230 1652 387 1730 Cethegus,
398 1654 446 1728 qui
455 1652 542 1729 paulo
554 1651 621 1710 ante
634 1650 742 1729 aliquid
753 1655 789 1731 dp
802 1655 906 1731 gladiis
920 1673 955 1711 ac
968 1653 1048 1724 sicis,
1059 1673 1123 1728 quae
1135 1656 1209 1731 apud

231 1730 323 1806 ipsum
337 1742 421 1789 erant
432 1732 626 1807 deprehensae,
641 1733 842 1808 respondisset,
857 1733 1041 1806 dixissetque,
1053 1752 1084 1790 se
1098 1752 1209 1808 semper

157 1834 159 1839 ⁴
230 1809 368 1867 bonorum
398 1811 634 1869 ferramentorum
665 1806 825 1869 studiosum
852 1811 949 1882 fuisse,
970 1811 1099 1869 recitatis
1119 1812 1209 1869 literis

230 1888 395 1946 debilitatus
422 1899 507 1964 atque
535 1888 675 1965 abjectus,
703 1890 882 1948 conscientia
908 1889 1066 1962 convictus,
1090 1887 1208 1965 repente

178 1975 213 2030 20
230 1967 378 2025 conticuit.

269 2045 454 2105 Introductus
465 2045 596 2105 Statilius
606 2046 740 2124 cognovit
749 2047 865 2124 signum
873 2057 902 2106 et
909 2065 1026 2104 manum
1038 2064 1128 2103 suam.
1150 2045 1210 2104 Re·

230 2124 325 2183 citata
339 2137 406 2184 sunt
419 2126 531 2185 tabellae
540 2126 570 2184 in
579 2126 702 2184 eandem
716 2125 776 2185 fere
788 2127 977 2184 sententiam:
998 2126 1146 2184 confessus
1157 2134 1208 2181 est.
1263 2192 1269 2200 .

222 2200 255 2268 ‘l
269 2203 349 2262 Tum
368 2206 480 2263 ostendi
500 2205 621 2263 tabellas
640 2204 767 2264 Lentulo
773 2226 781 2276 ;
802 2215 832 2264 et
845 2205 971 2281 quaesivi,
986 2212 1209 2281 cognosceretne
1272 2242 1275 2247 <

229 2281 352 2357 signum.
394 2283 515 2340 Annuit
557 2283 610 2342 Est
623 2284 703 2355 verb,
718 2285 847 2360 inquam,
864 2284 978 2362 signum
992 2293 1100 2351 notum,
1115 2281 1210 2356 imago

176 2367 213 2420 25
230 2361 275 2416 ari
285 2360 337 2429 tui,
349 2360 500 2433 clarissimi
515 2361 577 2430 viri,
589 2363 638 2434 qui
654 2363 760 2418 amavit
771 2363 857 2420 unice
868 2364 990 2436 patriam
1000 2372 1029 2418 et
1039 2361 1116 2419 cives
1126 2378 1208 2428 suos;

229 2456 292 2508 quae
306 2437 423 2508 quidem
436 2445 465 2492 te
479 2455 497 2491 a
509 2446 589 2492 tanto
602 2437 723 2505 scelere,
737 2439 826 2493 etiam
841 2450 931 2505 mute,
945 2458 1080 2493 revocare
1101 2437 1208 2494 debuit.

229 2512 378 2588 Leguntur
391 2511 494 2568 eidem
504 2512 615 2568 ratione
627 2512 663 2568 ad
678 2522 810 2569 senatum
820 2513 1008 2588 Allobrogum
1017 2512 1210 2589 populumque

227 2590 334 2648 literae:
356 2589 470 2663 siquid
491 2589 527 2647 de
548 2590 593 2647 his
614 2591 700 2648 rebus
720 2589 818 2647 dicere
838 2589 933 2669 VO,
954 2590 1011 2647 feci
1030 2601 1208 2666 potestatem.

228 2670 326 2742 Atque
339 2667 388 2726 ille
400 2667 493 2744 primd
509 2669 625 2743 quidem
638 2668 773 2744 negavit:
793 2665 858 2744 post
873 2678 969 2724 autem
983 2668 1141 2742 aliquanto,
1152 2680 1211 2728 toto

152 2805 158 2811 ,
175 2753 211 2807 30
224 2747 285 2825 jam
306 2746 414 2807 indicio
432 2748 558 2825 exposito
573 2760 657 2822 atque
672 2746 758 2816 edito,
773 2744 910 2803 surrexit:
925 2746 1062 2827 ¹quaesivit
1077 2766 1094 2804 a
1107 2748 1209 2819 Gallis,

166 2865 168 2870 -
228 2826 297 2901 quid
311 2826 366 2883 sibi
380 2836 456 2885 esset
470 2845 537 2884 oum
552 2825 604 2885 iis2
625 2826 811 2900 quamobrem
826 2825 942 2882 domum
956 2844 1037 2882 suam
1048 2826 1208 2896 venissent3

229 2907 354 2979 itemque
375 2923 393 2962 a
412 2904 573 2963 Vulturcio.
614 2904 679 2966 Qui
700 2901 768 2961 crim
789 2903 830 2960 illi
851 2904 974 2962 breviter
989 2915 1209 2978 constanterque

228 2984 448 3060 respondissent,
462 3004 512 3060 per
527 3002 612 3058 quem
627 2984 664 3041 ad
682 3002 760 3054 eum,
775 2983 952 3058 quotiesque,
966 2984 1120 3053 venissent,
1135 3002 1210 3057 quae-

228 3063 388 3142 sissentque
404 3064 439 3120 ab
453 3082 497 3134 eo,
512 3062 623 3120 nihilne
637 3082 737 3120 secum
751 3071 826 3120 essct
839 3063 876 3120 de
890 3062 956 3120 fatis
970 3063 1121 3137 Sibyllinls
1127 3063 1210 3127 locu-

175 3147 210 3200 35
227 3153 292 3214 tus;
313 3154 375 3201 tum
389 3142 438 3200 ille
452 3139 557 3214 subito,
573 3143 683 3200 scelere
704 3142 832 3211 demens,
847 3151 955 3215 quanta
969 3140 1152 3200 consvlentiae
1167 3140 1210 3196 vis

227 3234 312 3293 esset,
326 3223 459 3280 ostendit
501 3219 589 3292 Nam,
602 3219 670 3279 crim
682 3221 710 3277 id
720 3231 814 3296 posset
825 3220 958 3291 inficiari,
970 3219 1098 3297 repente,
1108 3230 1209 3295 preter

227 3301 389 3375 opinionem
410 3300 548 3371 omnium,
564 3301 712 3359 confessus
731 3309 793 3356 est:
815 3299 856 3355 ita
869 3317 946 3367 eum,
960 3317 1018 3354 non
1032 3297 1116 3354 modd
1132 3298 1210 3372 inge-

227 3378 309 3433 nium
323 3377 403 3446 iUud,
418 3388 447 3434 et
461 3379 577 3433 dicendi
592 3378 769 3444 exercitatio,
784 3375 842 3448 qud
855 3392 967 3446 semper
980 3374 1079 3443 valuit,
1094 3374 1144 3431 sed
1159 3375 1210 3432 eti·

229 3471 285 3522 am,
305 3463 417 3528 propter
438 3454 496 3509 vim
516 3453 633 3510 sceleris
653 3451 798 3509 manifesti
820 3461 905 3523 atque
926 3450 1105 3523 deprehensi,
1120 3452 1210 3528 impu-

176 3522 213 3585 tt
228 3529 410 3615 dentis*
422 3530 574 3606 superabat
587 3548 696 3599 omnes,
712 3528 942 3605 improbitasque,
957 3527 1071 3585 defecit.

268 3607 439 3666 Vulturcius
458 3604 526 3664 verb
544 3604 640 3663 subitb
654 3605 773 3680 proferri
787 3606 885 3662 literas
900 3615 984 3679 atque
999 3606 1102 3681 aperiri
1113 3607 1207 3682 jussit,

229 3686 369 3760 quaesibi
384 3704 401 3742 a
415 3684 539 3742 Lentulo
553 3684 589 3742 ad
604 3682 762 3741 Catilinam
773 3683 855 3739 datas
868 3703 931 3741 esse
945 3684 1069 3741 dicebat.
1110 3686 1208 3761 Atque

229 3764 270 3824 ibi
290 3761 540 3821 vehementissime
561 3762 744 3838 perturbatus
764 3760 914 3832 Lentulus,
928 3773 1025 3821 tamen
1045 3775 1075 3821 et
1094 3765 1208 3841 signum

229 3862 314 3903 suum
324 3853 354 3902 et
363 3861 481 3901 manum
492 3838 634 3920 cognovit.
676 3840 768 3900 Erant
777 3850 874 3900 autem
884 3841 996 3918 scripte
1009 3843 1072 3902 sine
1081 3845 1207 3914 nomine,
