2692 4484
160 357 201 417 46
423 280 650 400 oltfflod’ao
671 348 769 399 LEGE
792 346 957 397 MANILlA.

210 494 289 552 vobis
309 493 421 570 imperii
441 492 561 568 gloriam
574 493 755 566 relinquere;
776 492 819 549 sic
832 492 913 550 vobis
932 491 1128 569 turpissimum
1151 496 1203 568 sit,

202 573 291 644 illud,
304 573 380 647 quod
395 572 556 647 accepistis,
570 571 644 629 tueri
657 581 687 628 et
701 589 870 628 conservare
883 590 941 629 non
954 591 1044 647 posse.

194 648 342 788 mid,
356 648 433 726 qubd
453 651 531 707 salus
550 650 693 708 sociorum
706 667 850 706 summum
868 650 899 706 in
916 651 1077 726 periculum
1092 669 1127 708 ac
1141 653 1202 709 dis·

185 722 192 735 ’
302 749 321 786 n
335 730 474 787 vocaturi
505 727 611 805 Regno
623 728 757 804 expulsus
776 740 821 784 est
841 728 1065 799 Ariobarzanes,
1080 749 1139 800 rex,
1154 751 1201 789 so-

177 821 195 872 5
211 810 274 866 cius
292 808 388 885 populi
408 806 534 864 Romani
556 818 640 881 atque
660 808 788 863 amicus:
809 807 960 864 imminent
978 809 1035 865 duo
1049 828 1130 884 reges
1144 811 1199 866 toti

211 887 300 957 Asin,
314 906 372 943 non
391 884 483 943 solum
503 884 583 942 vobis
603 885 805 955 inimicissimi,
819 885 870 942 sed
890 886 977 942 etiam
997 888 1097 943 vestris
1110 890 1199 944 sociis

211 977 295 1041 atque
309 964 427 1021 amicis:
448 963 579 1035 civitates
589 972 686 1020 autem
699 983 808 1034 cumea,
819 973 927 1021 cuncta
940 965 1012 1020 Asia
1023 975 1107 1040 atque
1117 967 1199 1023 Gra-

210 1044 266 1114 cia,
285 1054 410 1100 vestrum
430 1041 568 1099 auxilium
588 1052 763 1118 exspectare,
781 1051 893 1119 propter
950 1043 1197 1178 rppulidmagrgitu-

210 1122 318 1193 dinem,
339 1132 499 1198 coguntur:
527 1120 727 1196 imperatorem
749 1140 766 1178 a
785 1122 865 1179 vobis
1049 1142 1206 1198 eposcere„

161 1209 195 1261 10
210 1199 278 1258 cbrn
291 1200 446 1277 prasertim
467 1219 516 1257 vos
536 1199 625 1257 alium
645 1199 789 1269 miseritis,
803 1219 898 1274 neque
919 1200 1034 1271 audent,
1049 1221 1142 1276 neque
1164 1203 1192 1259 id

209 1298 241 1336 se
255 1279 351 1339 lacere
364 1297 475 1337 summo
488 1277 550 1335 sine
563 1274 692 1354 periculo
704 1297 787 1355 posse
802 1279 983 1336 arbitrantur.

214 1357 358 1429 styident
377 1366 406 1414 et
425 1356 553 1414 sentiunt
572 1358 627 1435 boc
646 1356 734 1427 idem,
749 1358 824 1432 quod
838 1376 896 1428 vos,
912 1376 1000 1414 unum
1014 1358 1105 1415 virum
1120 1354 1193 1430 esse,

210 1435 307 1510 inquo
316 1454 428 1493 summa
437 1435 494 1492 sint
504 1435 610 1505 omnia,
621 1445 651 1493 et
664 1454 731 1492 eum
744 1435 830 1512 prope
842 1455 905 1505 esse
917 1430 1082 1510 (quostiam
1093 1449 1194 1495 carent

142 1506 339 1595 magum),
351 1510 443 1589 'cujus
463 1514 586 1571 adventu
608 1514 669 1589 ipso
696 1525 781 1588 atque
806 1513 933 1591 nomine,
954 1516 1067 1571 tametsi
1088 1516 1134 1572 ille
1155 1517 1193 1574 ad

162 1595 195 1648 15
209 1592 384 1650 maritimum
398 1591 504 1649 bellum
519 1592 638 1662 venerit,
653 1603 665 1649 t
731 1612 751 1649 n
771 1590 893 1668 impetus
914 1593 1043 1667 hostium,
1052 1612 1193 1669 repressos

209 1689 272 1728 essa
286 1665 450 1747 intelligunt
463 1689 499 1728 ac
512 1610 762 1741 retardatoslbnllli
776 1691 835 1741 vos,
849 1671 984 1746 quoniam
1004 1671 1094 1728 libere
1115 1673 1192 1746 loqui

209 1768 265 1806 non
286 1749 363 1820 licet,
377 1747 466 1807 tacita
487 1759 597 1825 rogant,
612 1759 643 1806 ut
664 1746 695 1807 se'
716 1769 838 1824 quoque,
852 1751 928 1808 sicut
948 1761 1116 1808 caeterarum
1131 1771 1193 1827 pro·

209 1827 368 1884 vinciarum
382 1827 484 1897 socios,
499 1828 601 1904 dignos
614 1828 792 1898 existimetis,
804 1847 923 1903 quorum
935 1828 1055 1886 salutem
1068 1831 1119 1887 tali
1133 1831 1193 1907 viro

84 1966 88 1973 ,
209 1906 431 1976 commendetis,
457 1916 543 1981 atque
563 1907 619 1964 hoc
638 1907 727 1964 etiam
747 1908 840 1983 magis
860 1906 946 1981 quam
967 1920 1093 1979 caeteros,
1115 1908 1192 1983 quod

158 1986 194 2039 20
208 1983 348 2059 ejusmodi
369 1984 399 2042 in
417 1985 593 2061 provinciam
614 1985 744 2042 homines
764 2004 831 2042 cum
849 1985 968 2063 imperio
987 1987 1135 2058 mittimus,
1150 1997 1191 2058 ut,

208 2062 321 2121 etiamsi
335 2064 372 2121 ab
386 2065 467 2122 hoste
480 2063 646 2134 defendant,
660 2075 758 2120 tamen
772 2064 895 2140 ipsorum
911 2065 1048 2121 adventus
1063 2066 1092 2122 in
1107 2067 1192 2123 urbes

209 2142 352 2201 sociorum
379 2162 437 2202 non
466 2140 589 2200 multllm
620 2141 656 2198 ab
687 2142 781 2200 hostili
811 2143 1020 2219 expugnatione
1050 2144 1189 2201 differant.

123 2223 127 2230 ’
208 2219 298 2279 Hunc
312 2222 468 2280 audiebant
482 2232 576 2291 antea,
589 2240 669 2278 nunc
683 2231 852 2296 praesentem
866 2221 972 2292 vident,
986 2223 1065 2278 tanti
1086 2234 1191 2297 tempe-

207 2299 312 2371 rantia,
326 2300 406 2357 tanti
420 2298 650 2369 mansuetudine,
660 2300 742 2356 tanta
756 2298 944 2371 humanitate,
955 2309 987 2356 ut
1000 2300 1021 2357 ii
1035 2300 1191 2357 beatissimi
1251 2362 1256 2375 ¹

158 2377 195 2431 25
207 2396 271 2434 esse
285 2378 444 2447 videantur,
460 2379 533 2453 apud
549 2378 682 2453 quosille
696 2376 856 2435 diutissime
872 2390 1069 2435 commoratur,

247 2454 300 2511 VI.
334 2455 446 2524 Quare,
460 2455 485 2510 si
503 2465 616 2530 propter
636 2457 738 2527 socios,
757 2457 836 2514 nullia
857 2456 909 2532 ipsi
929 2457 1034 2532 injuria
1054 2457 1191 2528 lacessiti,

208 2531 330 2605 majores
350 2532 435 2588 vestri
462 2550 529 2589 cum
550 2533 706 2604 Antiocho,
727 2554 795 2591 cum
822 2534 960 2611 Philippo,
982 2553 1049 2592 cum
1077 2535 1191 2606 AEtolis,

208 2625 275 2667 cum
303 2609 400 2667 Poenis
427 2610 503 2668 bella
528 2622 696 2686 gesserunt3
727 2624 834 2687 quanto
859 2633 908 2671 vos
934 2613 1029 2670 studio
1048 2614 1190 2683 convenit,

208 2687 321 2762 injuriis
339 2699 514 2764 provocatos,
528 2689 670 2762 sociorum
691 2692 813 2749 salutem
827 2693 885 2755 unii
900 2711 967 2749 cum
982 2692 1091 2767 imperii
1106 2692 1191 2748 vestri

157 2772 194 2828 30
208 2766 348 2842 dignitate
378 2766 548 2838 defendere3
578 2769 736 2844 praesertim
766 2769 833 2827 clim
865 2771 901 2827 de
930 2771 1031 2828 vestris
1060 2770 1192 2826 maximis

207 2846 396 2922 vectigalibus
417 2847 534 2922 agatur!
565 2846 644 2905 Nam
662 2858 831 2906 caeterarum
843 2850 1053 2924 provinciarum
1068 2849 1192 2924 vectiga-

207 2922 256 2994 lia,
270 2923 412 2995 Quirites,
426 2934 507 2982 tanta
520 2936 595 2995 sunt,
611 2936 642 2983 ut
662 2927 707 2997 iis,
723 2927 760 2984 ad
780 2927 855 3003 ipsas
872 2928 1033 3003 provincias
1046 2929 1190 2997 tutandas,

207 3003 254 3060 vix
274 3003 400 3062 contenti
421 3023 484 3062 esse
503 3005 659 3081 possimus:
689 3005 760 3063 Asia
776 3004 843 3063 verb
860 3015 919 3062 tam
932 3008 1027 3082 opima
1040 3016 1083 3063 est
1096 3016 1125 3062 et
1139 3006 1193 3062 fer-

206 3082 274 3154 tilia,
290 3093 321 3140 ut
340 3093 370 3140 et
389 3084 519 3141 ubertate
538 3102 681 3160 agrorum,
695 3094 725 3141 et
743 3084 882 3141 varietate
902 3084 1057 3154 fructuum,
1072 3093 1100 3140 et
1114 3101 1193 3158 mag-

158 3169 193 3224 35
207 3162 338 3221 nitudine
357 3163 504 3239 pastionis,
525 3172 554 3220 et
574 3163 757 3222 multitudine
777 3182 876 3221 earum
897 3183 992 3220 rerum
1012 3182 1074 3238 quae
1095 3182 1193 3236 expor-

206 3251 312 3312 tantur,
334 3240 574 3301 sacilb'omnibus
600 3243 684 3300 terris
704 3243 865 3300 antecellat.
908 3241 1010 3315 Itaque
1031 3244 1093 3297 haec
1113 3240 1194 3296 vobis

129 3366 132 3372 .
206 3320 361 3392 provincia,
375 3320 518 3391 Quirites,
533 3321 557 3377 si
571 3329 600 3377 et
614 3321 682 3381 belli
702 3321 854 3377 utilitatem
875 3328 904 3375 et
923 3320 1004 3394 pacis
1023 3317 1193 3394 dignitatem

207 3396 348 3451 sustinere
367 3398 462 3467 vultis,
481 3418 538 3455 non
559 3396 643 3455 modb
665 3416 683 3453 a
703 3397 876 3465 calamitate,
897 3397 948 3451 sed
969 3396 1056 3450 etiam
1078 3415 1094 3450 a
1115 3406 1193 3452 metu

207 3470 389 3542 calamitatis,
404 3485 448 3531 est
461 3475 651 3531 defendenda.

158 3555 193 3610 40
210 3582 231 3613 f
246 3547 335 3620 Nam,
347 3552 459 3608 caeteris
473 3552 503 3608 in
518 3552 613 3620 rebus,
625 3548 693 3607 crim
704 3551 782 3608 venit
795 3549 954 3620 calamitas,
965 3557 1027 3605 tum
1041 3550 1191 3608 detrimen·

207 3638 268 3685 tum
283 3628 442 3703 accipitur:
464 3639 502 3700 at,
518 3629 548 3685 iu
561 3628 760 3704 vectigalibus,
774 3647 830 3686 non
845 3627 937 3687 solum
955 3629 1094 3686 adventus
1114 3630 1193 3699 mali,

207 3707 258 3764 sed
272 3706 359 3763 etiam
370 3707 544 3783 motusipse,
557 3705 638 3763 affert
652 3706 854 3781 calamitatem.
889 3707 977 3777 Nam,
990 3706 1058 3765 crim
1069 3709 1194 3766 bostium

208 3785 296 3862 oopiae
310 3805 367 3843 non
381 3785 466 3863 longe
482 3787 595 3856 absunt,
605 3785 718 3843 etiamsi
729 3782 847 3862 irruptio
858 3786 938 3844 iacta
948 3787 1028 3844 nulla
1038 3788 1084 3856 sit,
1096 3798 1194 3843 tamen

206 3882 311 3943 pecora
329 3865 548 3944 relinquuntur;
570 3865 747 3942 agricultura
759 3865 916 3937 deseritur3
938 3877 1130 3925 mercatorum
1144 3884 1194 3923 na·
