2692 4484
192 342 230 402 14
466 335 604 384 ORATIO
627 335 649 383 1.
671 334 710 384 IN
732 335 763 384 L.
780 334 996 385 CATILINAM.

238 501 295 558 quo
308 481 397 537 etiam
412 477 536 552 aquilam
552 478 629 536 illam
644 486 813 552 argenteam
829 476 928 555 (quam
942 478 995 554 tibi
1010 498 1046 536 ac
1059 481 1116 537 tuis
1129 483 1224 540 omni·

239 561 293 617 bus
306 558 501 634 perniciosam
515 575 579 613 esse
594 555 710 613 conlido
723 567 751 613 et
766 556 910 613 funestam
924 556 1061 630 futuram,
1079 560 1128 616 cui
1142 561 1222 619 domi

238 648 296 695 tum
310 635 469 693 sacrarium
484 635 627 692 scelerum
642 644 756 692 tuorum
770 634 960 692 constitutum
975 636 1042 716 suit)
1053 638 1143 694 sciam
1155 658 1221 696 esse

238 714 424 792 praemissam.
466 713 556 771 Tuut
567 714 617 770 itta
631 711 741 769 diutinis
750 732 850 770 carere
864 713 966 789 possis,
978 733 1063 789 quam
1078 718 1220 789 venerari,

206 801 224 852 5
240 794 275 851 nd
289 793 399 850 caedem
413 792 610 867 proficiscens,
625 792 757 849 solebasl
773 791 884 867 acujus
896 793 1033 850 altaribus
1044 813 1120 870 saepe
1135 795 1220 852 istam

238 871 355 947 Impiam
370 871 500 928 dextram
515 872 551 928 ad
566 889 669 928 necem
682 869 789 927 civium
801 870 979 928 transtulisti.

276 949 316 1006 X.
338 948 399 1006 Ibis
413 951 531 1007 tandem
545 949 709 1024 aliquando,
724 946 781 1023 qud
795 957 825 1005 te
842 948 1015 1025 jampridem
1036 960 1086 1007 tua
1100 951 1155 1009 ista
1168 971 1220 1010 cn-

237 1028 343 1102 piditas
356 1028 505 1087 effraenata
519 1046 553 1085 ac
567 1027 675 1085 furiosa
687 1027 824 1102 rapiebat.
866 1026 970 1103 Neque
984 1028 1063 1086 enirn
1087 1030 1139 1086 tibi
1154 1032 1219 1088 haec

237 1125 284 1162 res
298 1102 379 1163 affert
393 1107 529 1177 dolorem,
541 1107 592 1162 sed
602 1107 747 1181 quandam
760 1105 958 1163 incredibilem
972 1107 1164 1182 voluptatem:
1180 1110 1217 1166 ad

189 1187 223 1241 1⁰
238 1185 315 1242 hanc
335 1195 364 1241 te
380 1184 535 1242 amentiam
550 1195 653 1241 natura
666 1184 788 1260 peperit,
803 1184 935 1242 voluntas
948 1186 1086 1256 exercuit,
1102 1187 1218 1244 fortuna

129 1304 151 1345 0
237 1263 366 1320 servavit.
409 1262 567 1338 Nunquam
581 1274 613 1320 tu
626 1282 685 1320 non
700 1261 785 1320 modo
799 1263 900 1333 otium,
913 1264 963 1320 sed
984 1284 1021 1320 ue
1035 1265 1141 1321 bellum
1156 1266 1219 1341 qui·
1279 1255 1285 1263 ⁸

237 1343 314 1412 dem,
325 1342 381 1398 nisi
392 1343 545 1412 nefarium,
555 1340 727 1417 concupisti.
769 1338 884 1399 Nactus
892 1360 934 1413 es,
946 1362 983 1399 ex
992 1342 1121 1417 perditis,
1131 1354 1216 1419 atque

238 1420 275 1477 ab
288 1421 367 1478 omni
381 1440 440 1478 non
453 1418 539 1477 modd
554 1421 679 1491 fortune,
693 1417 894 1477 verumetiam
915 1440 965 1496 spe
980 1421 1134 1494 derelictis,
1148 1442 1218 1480 con·
1290 1430 1294 1437 ’

173 1548 180 1555 .
237 1498 335 1556 llatam
348 1499 540 1575 improborum
556 1518 683 1556 manum.
1219 1506 1222 1512 '

188 1576 223 1629 15
276 1576 337 1635 Hic
351 1589 383 1636 tu
396 1578 453 1654 quai
466 1577 566 1634 laetitiai
589 1576 753 1654 perfruere!
775 1578 879 1653 quibus
902 1577 1017 1654 gaudiis
1041 1579 1214 1637 exsultabis!

236 1656 344 1731 quanti
365 1657 395 1714 in
411 1657 553 1732 voluptate
568 1656 765 1714 bacchabere!
788 1655 867 1728 clim,
882 1657 912 1713 in
927 1666 1007 1713 tanto
1021 1676 1142 1715 numero
1153 1671 1215 1716 tuo·

236 1753 311 1806 rum,
326 1754 419 1811 neque
434 1736 535 1793 audies
555 1735 647 1793 virum
668 1736 776 1793 bonum
796 1754 971 1810 quenquam,
986 1754 1080 1810 neque
1094 1736 1214 1792 videbis.

237 1813 286 1869 Ad
296 1813 381 1888 hujus
389 1814 454 1871 vitae
466 1813 592 1871 studium
604 1813 735 1872 meditati
744 1814 785 1871 illi
793 1825 860 1871 sunt
875 1813 938 1891 (qui
950 1813 1092 1893 seruntur)
1103 1815 1216 1872 labores

236 1892 295 1962 tui;
314 1892 412 1968 jacere
426 1892 516 1964 humi,
531 1912 589 1950 non
603 1890 689 1949 modb
705 1893 741 1949 ad
754 1893 946 1949 obsidendum
961 1890 1215 1967 stuprum,'veri1m

183 1975 222 2032 2⁰
238 1971 377 2029 etiamad
399 1971 513 2029 facinus
532 1971 716 2039 obeundum3
738 1971 867 2046 vigilare,
882 1990 939 2028 non
960 1968 1061 2028 soldm·
1077 1970 1113 2026 ad
1128 1971 1217 2027 insid-

238 2048 354 2106 iandum
379 2070 479 2108 somno
500 2049 676 2119 maritorum,
699 2045 798 2105 verum
824 2048 912 2106 etiam
940 2048 1023 2122 bonis
1042 2049 1214 2107 occisorum.

235 2126 347 2201 Habes,
361 2129 412 2186 ubi
425 2139 553 2187 ostentes
567 2128 645 2185 illam
658 2127 828 2203 praeclaram
845 2127 1107 2204 tuampatientiam
1121 2129 1215 2198 famis,

238 2205 361 2283 frigoris,
386 2208 490 2287 inopiae
510 2226 606 2265 rerum
627 2206 757 2263 omnium
769 2226 777 2275 ;
806 2207 912 2282 quibus
934 2217 964 2264 te
985 2206 1065 2264 brevi
1088 2215 1215 2280 tempore

237 2285 403 2342 confectum
417 2305 480 2342 esse
494 2287 610 2343 senties.
652 2285 783 2342 Tantum
792 2285 903 2360 profeci
913 2296 985 2355 tum,
998 2283 1065 2342 crim
1077 2294 1105 2340 te
1120 2303 1216 2340 acon·

185 2366 222 2419 ‘25
237 2364 331 2420 sulatu
345 2362 447 2438 repuli,
462 2373 495 2420 ut
514 2364 594 2420 exsul
609 2361 705 2438 potius
729 2373 851 2435 tentare,
865 2362 952 2438 qudm
977 2364 1077 2420 consul
1102 2381 1214 2432 vexare,

236 2442 444 2516 rempublicam
458 2460 573 2514 posses;
596 2452 681 2516 atque
703 2457 735 2497 ut
745 2480 746 2483 =
756 2441 795 2510 id,
810 2442 885 2515 quod
901 2450 977 2495 esset
991 2459 1007 2495 a
1028 2452 1057 2497 te
1072 2439 1213 2497 scelerate

236 2528 414 2593 susceptum,
428 2517 611 2575 latrocinium
625 2515 820 2595 potiusquam
835 2517 943 2574 bellum
956 2515 1161 2574 nominaretur.

276 2596 333 2654 XI.
363 2594 463 2668 Nunc,
479 2607 511 2654 ut
530 2616 548 2654 a
567 2617 624 2670 me,
639 2598 740 2655 Patres
760 2595 935 2670 Conscripti,
960 2596 1104 2670 quandam
1120 2615 1214 2672 prope

241 2676 348 2751 justam
363 2675 462 2751 patriae
475 2677 685 2751 querimoniam
699 2678 823 2733 detester
844 2693 879 2731 ac
900 2675 1054 2749 deprecer;
1075 2674 1214 2751 percipite

186 2770 221 2823 30
238 2753 362 2834 (quaeso)
378 2755 540 2832 diligenter,
554 2775 617 2832 quae
632 2757 748 2825 dicam3
769 2767 799 2812 et
812 2773 848 2811 ea
860 2753 976 2828 penitus
997 2753 1101 2810 animis
1114 2755 1215 2811 vestris

237 2835 438 2909 mentibusque
453 2836 597 2893 mandate.
639 2835 767 2902 Etenim,
782 2833 807 2890 si
821 2851 936 2890 mecum
949 2833 1052 2907 patria,
1067 2851 1130 2907 quae
1144 2832 1215 2889 mihi

237 2912 295 2969 vitai
309 2914 374 2971 med
388 2912 478 2971 multd
493 2924 536 2971 est
550 2914 653 2985 carior,
667 2915 692 2971 si
707 2923 815 2970 cuncta
828 2911 923 2983 Italia,
933 2911 958 2967 si
971 2912 1065 2969 omnis
1078 2912 1216 2987 respublie

236 3011 272 3049 ca
293 2994 440 3068 loquatur:
463 2999 481 3025 “
492 2993 534 3050 M.
551 2993 643 3064 Tulli,
657 2992 726 3068 quid
741 2992 824 3068 agisl
845 3001 915 3048 tune
940 3009 1018 3070 eum,
1040 3010 1125 3065 quem
1150 3010 1214 3047 esse

236 3072 346 3129 hostem
362 3072 536 3147 comperisti,
550 3091 636 3148 quem
650 3071 756 3128 ducem
772 3071 840 3127 belli
864 3069 992 3128 futurum
1016 3070 1107 3139 vides,
1128 3088 1213 3144 quem

185 3160 221 3214 35
236 3151 397 3227 exspectari
409 3148 610 3227 imperatorem
635 3150 665 3209 iu
687 3149 790 3209 castris
803 3150 929 3208 hostium
951 3150 1052 3221 sentia,
1067 3157 1213 3205 auctorem

235 3231 362 3302 sceleris,
374 3230 535 3307 principem
550 3230 767 3306 conjurationis
782 3239 1124 3287 evocatoremservorum
1137 3236 1167 3281 et
1175 3226 1216 3281 ci·

236 3309 313 3364 rium
322 3309 597 3384 perditorum,exire
605 3308 735 3384 patieris,
745 3319 777 3366 ut
787 3310 838 3365 abs
848 3319 940 3364 tenon
950 3306 1072 3360 emissus
1082 3304 1214 3374 eerbe,

236 3385 286 3440 sed
301 3385 447 3441 immissus
458 3387 488 3440 in
502 3385 620 3455 Urbem,
635 3406 700 3442 esse
711 3388 841 3441 videatur
852 3387 864 3440 l
905 3381 1013 3438 Nonne
1024 3382 1104 3438 hunc
1113 3380 1143 3438 in
1155 3381 1215 3438 vin·

237 3463 304 3519 cula
317 3461 395 3532 duci,
411 3481 468 3518 non
481 3461 516 3517 ad
529 3472 648 3518 mortem
657 3462 729 3536 rapi,
739 3480 797 3518 non
811 3478 923 3518 summo
934 3458 1075 3535 supplicio
1084 3459 1214 3530 mactari,

187 3551 222 3604 4ο
236 3540 411 3617 imperabisl
450 3539 534 3601 Quid
548 3540 665 3597 tandem
681 3540 801 3615 impedit
814 3540 863 3595 tel
884 3557 984 3594 mosne
1005 3537 1165 3613 majorum?
1187 3548 1215 3595 at

236 3639 364 3696 persaepe
378 3618 466 3677 etiam
479 3618 582 3695 privati
596 3618 626 3674 in
638 3618 694 3675 hac
703 3617 852 3694 republica
861 3615 1040 3691 perniciosos
1052 3616 1130 3673 cives
1142 3635 1215 3674 mor·

236 3710 265 3756 te
273 3699 433 3756 multarunt
445 3718 452 3755 ε
475 3716 513 3755 an
524 3698 611 3775 legeS,
623 3716 687 3771 quae
698 3696 851 3754 deciviam
860 3695 1060 3753 Romanorum
1075 3695 1215 3771 supplicio

235 3788 342 3856 rogata
356 3779 446 3836 suutl
469 3787 497 3835 at
511 3794 659 3852 nunquam
673 3776 704 3834 in
718 3777 774 3834 hac
785 3775 856 3834 urbe
870 3774 901 3847 ii,
916 3773 992 3851 quia
1005 3775 1154 3852 republica
1167 3775 1216 3833 de·
1314 3837 1318 3845 ,

236 3857 378 3929 fecerunt,
399 3857 506 3914 civium
518 3855 584 3931 jura
604 3865 768 3915 tenuerunt.
811 3856 861 3913 Au
883 3854 1021 3913 invidiam
1041 3853 1215 3931 posteritatis
