2692 4484
352 295 492 354 ORATIO'
511 299 581 350 PRO
601 298 633 349 Τ.
656 298 772 349 ANNIO
795 294 947 346 MILONE.
1141 298 1194 357 [ῃ

149 470 207 509 non
229 448 320 507 solum
343 448 421 505 sama
439 445 499 522 jam
519 445 556 502 de
577 443 635 515 illo,
663 441 818 499 sedetiam
841 438 951 511 letitia,
971 437 1135 515 peragravit

148 530 358 599 Quamobrem,
386 526 437 584 ubi
465 543 568 601 corpus
595 524 651 580 hoc
682 522 729 591 sit,
761 520 848 591 ncn,’'
880 519 984 593 inquit,
1007 518 1145 589 “laboro,

149 607 284 685 qnoniam
297 606 431 665 omnibus
445 605 475 663 in
489 603 574 662 terris
588 612 617 660 et
628 602 688 678 jam
709 609 848 672 versatur,
862 609 891 658 et
905 617 1019 677 semper
1033 596 1146 655 habita·

150 688 201 759 bit,
216 688 341 745 nominis
354 685 412 743 mei
427 684 546 761 gloria.''

188 766 337 826 XXXVI.
380 764 456 822 Haec
486 773 518 819 tu
546 778 663 818 mecum
684 778 770 834 saepe,
800 758 846 816 bis
867 758 1050 816 absentibus:
1082 755 1145 827 sed,
1180 768 1199 822 5

149 845 251 904 iisdem
267 843 462 913 audientibus,
476 843 541 899 haec
554 859 609 917 ego
623 836 738 908 tecum,
747 836 828 896 Milo.
870 838 918 897 Te
931 838 1059 914 quidem,
1074 831 1145 894 edm

150 925 203 983 isto
227 926 324 982 animo
347 943 389 994 es,
412 921 482 978 satis
504 920 624 977 laudare
644 938 702 975 non
721 935 853 994 possum:
875 918 935 984 sed,
953 915 1010 992 qud
1025 926 1070 973 est
1090 914 1147 983 ista

149 1023 178 1061 m
218 1004 243 1061 is
264 1004 364 1061 divina
384 1001 484 1070 virtus,
509 996 545 1056 eb
569 997 678 1073 majore
701 1016 718 1053 a
741 1008 770 1054 te
791 996 887 1054 dolore
908 995 1034 1053 divellor.
1076 993 1145 1051 Nec

151 1102 229 1153 vero,
244 1083 269 1139 si
283 1081 355 1138 mibi
369 1078 498 1155 eriperis,
512 1077 623 1153 reliqua
636 1086 680 1134 est
693 1075 743 1133 illa
763 1076 866 1132 saltem
881 1075 917 1132 ad
939 1069 1145 1132 consolandum

150 1161 280 1236 querela,
294 1169 327 1217 ut
340 1159 386 1215 bis
400 1156 486 1214 irasci
499 1155 615 1232 possim,
639 1175 656 1212 a
679 1155 783 1230 quibus
803 1163 916 1212 tanturn
939 1154 1042 1211 vulnus
1063 1172 1146 1219 acce-
1163 1159 1198 1214 10

151 1259 229 1315 pero.
271 1237 340 1297 Non
355 1236 432 1295 enim
447 1235 559 1293 inimici
569 1234 626 1292 mei
637 1244 665 1292 te
675 1234 746 1291 mibi
755 1233 888 1310 eripient,
899 1234 950 1291 sed
960 1231 1143 1302 amicissimi3
1247 1269 1251 1274 -
1344 1250 1345 1253 ¹

153 1337 212 1375 non
239 1316 315 1375 male
347 1316 501 1391 aliquando
531 1316 567 1372 de
596 1333 643 1372 me
675 1313 781 1385 meriti,
810 1315 861 1371 sed
888 1331 998 1389 semper
1027 1309 1143 1388 optimc.

153 1395 275 1454 Nullum
302 1414 438 1471 unquam,
463 1393 586 1470 judices,
615 1392 686 1450 mibi
716 1403 830 1451 tantum
860 1393 987 1451 dolorem
1013 1389 1144 1461 inuretis,

153 1474 222 1552 (etsi
236 1475 300 1550 quis
312 1483 404 1551 potest
417 1492 481 1531 esse
495 1474 626 1551 tantusl)
642 1473 693 1530 sed
707 1493 745 1530 ne
766 1474 846 1530 bunc
860 1471 977 1547 quidem
995 1469 1098 1547 ipsum,
1112 1478 1145 1527 ut

150 1553 312 1625 obliviscar,
340 1553 439 1630 quanti
459 1571 506 1610 me
527 1571 639 1628 semper
659 1552 796 1610 feceritis.
845 1551 924 1614 Quoe
948 1550 973 1607 si
999 1569 1049 1609 vos
1069 1548 1145 1625 cepit
1163 1545 1197 1600 15

149 1632 264 1704 oblivio,
280 1643 329 1690 aut
342 1633 367 1690 si
387 1632 418 1690 in
438 1650 486 1689 me
508 1631 615 1708 aliquid
635 1632 814 1702 offendistis3
836 1650 889 1688 cur
903 1650 961 1688 non
975 1628 1006 1686 id
1019 1647 1084 1686 meo
1098 1645 1146 1685 ca·

75 1751 81 1766 .
149 1712 208 1788 pite
226 1710 322 1789 potitis
341 1713 441 1782 luitur,
465 1709 553 1787 qudm
576 1711 719 1770 Milonis?
774 1708 919 1769 Praeclare
940 1708 1019 1767 enim
1039 1706 1145 1779 vixero,
1198 1777 1199 1780 Ἴ

149 1791 173 1849 si
188 1792 257 1866 quid
268 1791 340 1850 mihi
355 1791 496 1850 acciderit
507 1788 598 1866 pribs,
613 1789 701 1866 qudm
715 1793 770 1848 hoc
784 1800 898 1848 tantum
911 1787 980 1846 mali
994 1787 1101 1845 videro.

189 1871 280 1928 Nunc
304 1890 351 1928 me
371 1889 432 1928 una
451 1869 610 1928 consolatio
629 1879 781 1941 sustentat,
806 1866 885 1945 qnod
907 1867 971 1937 tibi,
992 1865 1031 1925 T.
1052 1864 1145 1938 Anni,

44 1998 47 2002 .
149 1951 260 2008 nullum
275 1969 292 2007 a
305 1969 352 2007 me
367 1948 482 2021 amoris,
496 1949 609 2006 nullum
629 1949 728 2020 studii,
742 1949 855 2006 nullum
877 1946 1004 2024 pietatis,
1017 1944 1146 2004 officium
1161 1949 1197 2008 2⁰

149 2029 249 2087 deluit.
303 2029 369 2105 Ego
399 2027 568 2086 inimicitias
595 2029 755 2104 potentium
784 2047 836 2105 pro
866 2035 895 2085 te
917 2024 1059 2103 appetivi:
1090 2044 1145 2101 ego

150 2126 249 2165 meum
265 2127 341 2183 saepe
355 2125 458 2182 corpus
472 2116 501 2165 et
510 2106 599 2164 vitam
609 2107 703 2183 objeci
718 2106 805 2166 armis
819 2106 1003 2165 inimicorum
1012 2114 1144 2162 tuorum:

150 2205 205 2263 ego
227 2205 275 2243 me
295 2186 426 2262 plurimis
451 2205 503 2263 pro
528 2195 558 2243 te
578 2186 736 2263 supplicem
768 2185 880 2263 abjeci:
910 2185 995 2257 bona,
1017 2181 1145 2242 fortunas

150 2283 241 2335 meas,
256 2284 292 2323 ac
305 2264 460 2323 liberorum
480 2283 619 2337 meorum,
635 2265 665 2324 in
690 2266 922 2324 communionem
942 2275 1059 2324 tucrum
1073 2273 1145 2321 tem·

149 2363 251 2420 porum
265 2344 390 2402 contuli:
413 2345 467 2402 hoc
482 2344 607 2419 denique
621 2345 682 2421 ipso
696 2345 752 2417 die,
767 2346 792 2403 si
806 2365 863 2421 qua
877 2344 920 2403 vis
934 2354 977 2402 est
994 2352 1105 2421 parata,
1119 2342 1144 2401 si
1160 2343 1198 2400 25

149 2442 207 2499 qua
228 2423 387 2481 deminutio
410 2423 513 2500 capitis
534 2423 639 2496 futura,
665 2427 796 2501 deposco.
845 2424 929 2486 Quid
954 2424 1014 2501 jam
1035 2424 1144 2481 restatl

148 2502 219 2577 quid
233 2503 335 2574 babeo,
349 2503 424 2578 quod
439 2503 546 2575 dicam,
561 2505 636 2578 qnod
651 2504 769 2576 faciam,
782 2524 834 2581 pro
853 2505 911 2562 tuis
924 2503 954 2560 in
965 2522 1012 2561 me
1023 2501 1142 2574 meritis,

147 2581 205 2639 nisi
226 2591 259 2640 ut
282 2601 347 2640 eam
369 2583 522 2654 fortunam,
538 2602 718 2660 quecunque
740 2584 795 2642 erit
813 2595 872 2655 tua,
894 2584 999 2641 ducam
1020 2599 1116 2640 meam
1130 2584 1162 2639 l‘

147 2660 216 2718 Nou
230 2680 341 2732 recuso,
356 2682 414 2719 non
435 2663 549 2721 abnuo:
570 2682 678 2738 vosque
701 2664 830 2735 obsecro,
851 2663 975 2741 judices,
995 2671 1028 2719 ut
1048 2673 1144 2719 vestra

147 2739 299 2811 beneficia,
315 2759 378 2815 quae
393 2742 422 2799 in
437 2761 484 2800 me
499 2742 671 2814 contulistis,
688 2743 780 2802 autin
795 2743 879 2820 hujus
893 2743 986 2801 salute
1001 2740 1141 2818 augeatis,
1159 2745 1196 2799 30

148 2828 197 2877 aut
211 2818 241 2877 in
256 2820 385 2895 ejusdem
399 2821 487 2879 exitio
500 2841 642 2881 occasura
655 2843 719 2881 esse
733 2823 862 2881 videatis.

185 2896 351 2957 XXXVII.
393 2900 450 2958 His
463 2901 599 2977 lacrymis
613 2922 671 2960 non
685 2913 814 2961 movetur
828 2902 908 2960 Milo.
950 2900 1004 2958 Est
1017 2899 1142 2976 quodam

147 2977 311 3036 incredibili
325 2980 426 3037 robore
441 2980 549 3038 animi:
571 2981 704 3039 exsilium
728 2982 769 3039 ibi
793 3000 856 3039 esse
868 2991 960 3057 putat,
974 2979 1024 3037 ubi
1044 2974 1157 3037 virtuti

147 3076 204 3114 non
219 3057 257 3113 sit
270 3057 374 3115 locus:
395 3069 516 3117 mortem
530 3070 639 3118 naturae
661 3061 750 3119 linem
773 3080 847 3131 esse,
861 3080 918 3118 non
932 3077 1055 3136 poenam.
1098 3056 1144 3114 Sit

147 3135 196 3192 hic
211 3137 247 3192 ea
260 3146 367 3207 mente,
383 3138 439 3212 qud
453 3147 539 3195 natus
553 3148 614 3196 est:
637 3141 707 3215 quid
721 3159 780 3211 vos,
793 3139 928 3216 judicesl
955 3158 1012 3215 quo
1025 3138 1143 3195 tandem
1159 3148 1195 3203 35

148 3214 245 3303 animo
258 3213 363 3272 eritis?
404 3215 577 3275 Memoriam
601 3217 721 3277 Milonis
734 3219 915 3289 retinebitis3
937 3217 1031 3295 ipsum
1045 3215 1143 3293 ejicie-

146 3295 206 3350 tis?
227 3294 327 3353 eterit
352 3294 465 3371 dignior
479 3297 560 3354 locus
574 3296 604 3355 in
626 3298 710 3356 terris
733 3298 819 3370 ullus,
833 3298 883 3374 qui
907 3299 985 3355 banc
1005 3295 1140 3354 virtutem

145 3372 280 3463 encipiat,
296 3372 383 3450 qudm
398 3375 456 3446 hic,
472 3375 520 3450 qui
534 3378 717 3453 procreavit?
758 3378 829 3449 Vos,
844 3397 894 3436 vos
916 3375 1034 3453 appello,
1049 3374 1141 3434 fortis·

145 3470 210 3509 suni
238 3453 301 3523 viri,
323 3453 373 3528 qui
403 3454 526 3512 multum
545 3474 598 3530 pro
617 3455 766 3533 republicri
786 3457 959 3534 sanguinem
978 3455 1139 3526 effudistis;

145 3549 205 3601 vos,
226 3531 256 3588 in
277 3532 330 3590 viri
351 3543 380 3590 et
401 3533 431 3591 in
452 3533 525 3591 civis
545 3534 645 3594 invicti
668 3536 778 3613 appello
790 3536 928 3613 periculo,
944 3535 1138 3605 centuriones,
1156 3542 1192 3596 40

146 3627 261 3699 vosque,
285 3611 407 3669 milites:
428 3613 509 3671 vobis
529 3633 587 3672 non
608 3613 694 3673 modd
714 3615 955 3693 inspectantibus,
978 3615 1029 3673 sed
1050 3614 1139 3673 etiam

148 3698 278 3760 armatis,
293 3699 321 3748 et
341 3691 410 3749 huic
427 3692 538 3768 judicio
557 3694 789 3770 presidentibus,
804 3697 867 3755 haec
890 3704 973 3752 tanta
992 3693 1083 3752 virtus
1103 3710 1139 3748 ex

147 3766 203 3825 hac
216 3768 288 3826 urbe
301 3770 479 3846 expelleturl
500 3773 757 3836 exterminabitur?
777 3773 968 3853 projicieturl
