2692 4484
397 307 534 360 ORATIO
555 305 594 356 nt
616 305 654 355 M.
677 300 884 354 ANTONIUM.

525 624 757 708 ORATIO

314 863 388 941 IN
427 861 504 938 Μ.
555 859 971 937 ANTONIUM.

188 1234 214 1292 l.
248 1232 391 1295 Quonam
414 1247 480 1290 meo
502 1231 571 1303 fato,
591 1230 693 1289 Patres
706 1229 881 1307 Conscripti,
895 1229 958 1288 lieri
981 1228 1086 1303 dicam,
1105 1240 1138 1290 ut

149 1331 245 1385 nemo,
259 1312 305 1370 his
319 1310 526 1389 annisviginti,
539 1305 707 1386 reipublice
721 1309 808 1368 fuerit
827 1310 925 1380 hostis,
940 1308 988 1385 qui
1008 1330 1066 1368 non
1079 1310 1139 1369 bel·

149 1389 210 1451 lum
224 1391 326 1450 eodem
347 1400 474 1466 tempore
494 1390 565 1448 mihi
586 1408 701 1465 quoque
721 1388 879 1447 indixerit?
920 1387 986 1446 Nec
999 1387 1067 1447 verb
1088 1408 1139 1447 ne·

149 1490 232 1529 cesse
245 1480 289 1528 est
303 1489 320 1527 a
332 1488 379 1527 me
392 1487 556 1545 quenquam
579 1467 742 1526 nominari:
762 1467 912 1526 vobiscum
934 1466 987 1544 ipsi
1008 1469 1139 1527 recorda·

147 1548 232 1607 mini:
270 1547 347 1605 Mihi
359 1567 510 1624 poenarum
524 1547 565 1605 illi
578 1544 654 1623 plius,
669 1545 757 1624 qudm
776 1557 915 1623 optarem,
930 1546 1089 1617 dederuut3
1109 1549 1139 1606 te
1168 1551 1188 1605 5

147 1628 244 1699 miror,
259 1626 380 1698 Antoni,
394 1645 515 1702 quorum
529 1627 608 1685 facta
630 1626 754 1698 imitere,
769 1644 869 1684 eorum
893 1626 987 1683 exitus
1007 1644 1065 1683 nou
1078 1644 1141 1702 per·

147 1708 322 1765 horrescere.
364 1706 462 1781 Atque
473 1708 528 1765 hoc
539 1705 569 1764 in
581 1706 645 1763 aliis
655 1704 752 1764 minus
765 1704 892 1763 mirabar
904 1724 911 1761 :
932 1723 1019 1763 nemo
1026 1704 1140 1763 illorum

147 1786 283 1844 iuimicus
296 1784 368 1842 mihi
383 1785 437 1843 fuit
450 1785 646 1858 voluntarius:
666 1802 767 1843 omnes
781 1803 798 1842 a
811 1802 859 1842 me
869 1783 1035 1861 reipublice
1049 1784 1139 1842 causa

147 1864 283 1923 lacessiti.
325 1864 385 1935 Tu,
398 1883 437 1922 ne
450 1865 538 1923 verbo
559 1864 676 1940 quidem
696 1863 827 1934 violatus,
841 1872 875 1920 ut
897 1862 1032 1921 audacior
1052 1861 1140 1939 qudm

148 1943 182 2002 L.
197 1943 335 2014 Catilina,
350 1942 482 2002 furiosior
505 1941 593 2018 qudm
606 1943 642 2000 P.
658 1942 788 2013 Clodius,
802 1942 942 2014 viderere,
964 1942 1040 2000 ultro
1052 1941 1141 2000 male·
1155 1957 1189 2010 ιο

149 2022 235 2080 dictis
247 2040 295 2080 me
308 2021 470 2079 lacessisti:
490 2031 629 2096 tuamque
643 2040 661 2079 a
673 2040 720 2079 me
741 2020 945 2079 alienationem
959 2021 1142 2079 commenda·

149 2100 257 2159 tionem
270 2100 324 2157 tibi
339 2099 376 2157 ad
390 2099 470 2157 cives
482 2100 586 2175 impios
606 2100 666 2159 fore
678 2100 823 2176 putavisti.

189 2178 274 2240 Quid
292 2178 414 2253 putent
446 2188 679 2255 contemptumne
708 2180 777 2237 mel
817 2178 886 2237 Nou
913 2178 1006 2251 video,
1034 2198 1090 2237 uec
1110 2178 1141 2238 in

150 2256 220 2327 vita,
233 2275 290 2314 nec
304 2255 335 2313 in
348 2255 452 2333 giutid,
466 2276 523 2315 neo
537 2258 567 2315 in
580 2258 667 2316 rebus
690 2259 788 2335 gestis,
802 2278 859 2317 nec
882 2259 913 2315 in
927 2259 983 2316 bac
997 2258 1063 2316 med
1082 2278 1142 2317 me·

150 2335 302 2394 diocritate
329 2334 448 2411 ingenii,
476 2337 545 2411 quid
565 2336 713 2413 despicere
735 2337 824 2413 possit
845 2337 999 2395 Antonius.
1040 2338 1090 2395 An
1110 2337 1141 2397 iu
1156 2347 1191 2401 15

150 2425 253 2472 senatu
267 2412 405 2472 facillime
419 2415 456 2472 de
469 2433 516 2473 me
530 2416 642 2476 detrahi
661 2434 746 2492 posse
766 2417 909 2475 credidit?
930 2417 980 2491 qui
999 2416 1070 2475 ordo
1083 2416 1142 2475 ola·

150 2493 271 2553 tissimis
284 2492 396 2551 civibus
419 2494 493 2551 bene
516 2504 605 2571 geste
625 2494 793 2571 reipublice
815 2494 1011 2554 testimonium
1030 2495 1139 2567 multis,

149 2572 220 2629 mihi
241 2572 292 2630 uni
320 2583 504 2644 conservate,
525 2574 613 2631 dedit.
663 2575 713 2631 An
732 2575 882 2632 decertare
909 2593 1025 2632 mecum
1051 2574 1141 2633 voluit

149 2651 333 2710 contentione
362 2650 500 2710 dicendil
533 2655 590 2711 hoc
619 2654 738 2728 quidem
766 2654 939 2712 beneficium
972 2664 1035 2711 est:
1070 2653 1140 2729 quid

149 2730 227 2789 enim
239 2729 363 2806 plenius,
377 2730 447 2805 quid
460 2731 588 2803 uberius,
613 2730 701 2808 qudm
725 2733 796 2790 mihi
809 2743 839 2790 et
860 2752 912 2809 pro
924 2751 981 2804 me,
996 2742 1026 2791 et
1039 2743 1141 2791 contra
1154 2738 1191 2793 at)

150 2808 319 2880 Antonium,
334 2808 455 2868 dicerel
495 2809 573 2868 Illud
586 2809 716 2887 profecto
731 2821 793 2868 est:
814 2831 872 2869 non
896 2811 1080 2883 existimavit,
1095 2812 1141 2869 sui

148 2886 291 2944 similibus
303 2887 419 2964 probari
431 2908 525 2965 posse,
539 2908 571 2947 se
584 2910 648 2948 esse
662 2891 774 2948 bostem
786 2890 896 2967 patriae,
910 2890 966 2948 nisi
979 2890 1051 2947 mihi
1065 2900 1142 2948 esset

149 2966 294 3024 inimicus.
336 2966 393 3023 Cui
412 2968 493 3043 prius
505 2966 593 3044 quim
616 2969 653 3027 de
677 2969 790 3027 caeteris
810 2969 896 3026 rebus
915 2970 1084 3045 respondeo,
1105 2970 1143 3028 de

150 3044 291 3114 amicitia,
305 3062 392 3119 quam
406 3064 483 3103 arne
496 3047 631 3114 uiolatam
645 3067 709 3106 esse
723 3048 894 3106 criminatus
915 3057 968 3119 est,
984 3045 1075 3124 (quod
1088 3066 1144 3125 ego

150 3123 351 3200 gravissimum
365 3123 476 3182 crimen
486 3125 599 3206 judico)
613 3146 711 3202 pauca
724 3128 830 3185 dicam.
875 3147 878 3151 *
1156 3127 1193 3184 25

191 3200 232 3258 II.
268 3202 378 3260 Contra
391 3222 451 3261 rem
472 3222 554 3262 suam
574 3224 631 3277 me,
646 3205 746 3265 nescio
759 3205 885 3280 quando,
899 3205 1013 3263 venisse
1026 3213 1143 3280 questus

149 3288 202 3338 est.
244 3279 293 3338 An
315 3300 370 3358 ego
391 3301 449 3340 non
471 3284 598 3342 venirem
619 3296 720 3343 ronna
741 3284 867 3343 alienum
887 3303 940 3361 pro
960 3284 1094 3343 familiari
1114 3294 1144 3343 et

148 3360 314 3418 necessario
337 3362 423 3418 meol
444 3382 502 3420 non
522 3364 650 3422 venirem
672 3373 773 3422 contra
793 3364 928 3442 gratiam,
952 3382 1010 3422 non
1030 3363 1143 3422 virtutis

148 3457 209 3514 spe,
223 3438 274 3514 sed
288 3438 382 3497 etatis
395 3438 474 3512 flore,
487 3442 638 3501 collectam
649 3444 661 3501 l
682 3463 740 3502 nou
750 3443 878 3502 venirem
887 3453 988 3502 contra
997 3443 1142 3521 iujuriam,

149 3535 236 3591 quam
262 3516 315 3575 iste
343 3519 541 3578 intercessoris
571 3521 744 3597 iniquissimi
765 3522 908 3581 beneficio
928 3523 1063 3595 obtinuit,
1084 3543 1143 3582 nou
1157 3537 1193 3592 30

146 3595 212 3672 jure
230 3596 382 3671 praetoriol
424 3598 484 3657 Sed
498 3601 554 3658 hoc
575 3600 687 3660 idcirco
708 3612 965 3661 commemoratum
990 3614 1049 3661 ate
1062 3612 1143 3678 puto,

150 3682 182 3730 ut
195 3684 224 3731 te
237 3674 335 3732 infimo
347 3676 441 3734 ordini
456 3680 683 3751 commendares,
699 3679 768 3739 cbm
790 3691 819 3741 te
832 3702 935 3741 omnes
958 3682 1145 3739 recordaren-

140 3761 196 3809 tur
209 3751 335 3811 libertini
348 3774 498 3832 generum,
512 3769 542 3817 et
554 3759 660 3818 liberos
673 3769 739 3819 tuos
752 3772 871 3839 nepotes
891 3761 933 3823 Q.
948 3759 1045 3828 Fadii,
1059 3757 1145 3813 liber-

149 3830 204 3890 tini
224 3830 358 3905 bominis,
373 3834 469 3894 fuisse.
