2692 4484
371 354 509 406 ORATIO
531 352 601 402 PRO
623 347 793 400 annulo
816 344 968 396 MILONE.
1158 346 1214 405 101

212 503 296 565 Quid
309 501 387 560 enim
400 499 484 559 nobis
498 499 621 568 duobus,
633 494 758 573 judices,
772 490 965 549 laboriosiusl
987 487 1060 564 quid
1074 486 1183 564 magis*

170 581 334 653 sollicitum,
345 578 448 657 magis
467 577 638 645 exercitum,
660 573 720 630 dici
741 581 791 628 aut
810 569 881 646 fingi
899 569 1016 646 potestl
1037 566 1098 644 qui,
1119 585 1169 642 spe

170 661 411 738 amplissimorum
430 657 615 735 praemiorum
637 653 674 709 ad
701 649 909 727 rempublicam
937 647 1067 719 adducti,
1088 655 1169 703 metu

169 740 436 798 crudelissimorum
460 734 667 813 suppliciorum
691 748 791 788 carere
806 748 863 786 non
876 746 1037 805 possumus.
1079 724 1170 800 Equi-

168 820 238 877 dem
251 829 373 876 caeteras
386 825 572 893 tempestates
586 822 616 870 et
628 809 779 888 procellas,
793 807 824 866 in
846 807 903 866 illis
920 808 1061 864 duntaxat
1074 804 1170 863 flucti·
1201 807 1219 860 5

168 898 225 955 bus
239 898 424 967 concionum,
440 913 551 970 semper
564 891 663 968 putavi
688 887 792 947 Miloni
812 906 875 944 esse
899 886 1074 956 subeundas,
1088 882 1168 960 qubd

169 996 283 1055 semper
297 997 349 1055 pro
363 974 447 1033 bonis
461 982 563 1030 contra
576 968 720 1045 improbos
740 976 886 1025 senserat:
909 966 939 1022 in
956 965 1067 1042 judicio
1087 961 1168 1034 verb,

169 1057 246 1115 etin
260 1076 295 1114 eo
310 1054 441 1123 consilio,
457 1052 486 1109 in
501 1070 558 1127 quo
571 1070 608 1107 ex
625 1048 740 1106 cunctis
762 1046 912 1105 ordinibus
934 1044 1100 1121 amplissimi
1114 1041 1168 1100 viri

168 1167 172 1171 ·
177 1136 356 1211 judicarent,
371 1149 518 1206 nunquam
542 1126 704 1187 existimavi
726 1145 805 1203 spem
829 1125 918 1182 ullam
938 1143 1002 1182 esse
1022 1122 1169 1180 habituros

153 1209 297 1271 ‘Milonis
324 1211 468 1280 inimicos,
496 1209 533 1266 ad
559 1207 630 1284 ejus,
645 1226 716 1264 ⁴non
737 1206 859 1262 salutem
880 1201 964 1261 modd
985 1201 1169 1279 exstinguen-
1184 1205 1219 1259 10

175 1292 255 1362 dam,
266 1291 318 1348 sed
332 1290 419 1348 etiam
433 1287 552 1366 gloriam
566 1307 616 1364 per
630 1286 703 1344 tales
717 1284 795 1342 viros
809 1283 1031 1360 infringendam.
1067 1289 1080 1299 “

216 1370 405 1444 Quanquam,
419 1368 449 1426 in
463 1368 519 1425 hac
533 1366 632 1437 causti,
644 1365 770 1441 judices,
785 1362 823 1421 T.
840 1362 931 1420 Annii
952 1361 1110 1432 tribunatu,
1123 1380 1168 1418 re·
1183 1413 1187 1417 r

66 1473 73 1482 ·
177 1464 286 1525 busque
299 1439 432 1507 omnibus
444 1466 496 1524 pro
508 1445 601 1509 salute
615 1443 782 1521 reipublicae
797 1442 897 1520 gestis,
913 1441 950 1498 ad
968 1441 1055 1517 hujus
1075 1439 1170 1498 crimi-

173 1528 220 1585 nis
234 1527 430 1588 defensionem
443 1545 501 1583 non
516 1527 688 1582 abutemur:
709 1523 766 1581 nisi
779 1521 873 1580 oculis
897 1520 1026 1578 videritis
1047 1519 1167 1577 insidias
1197 1564 1203 1570 .
1274 1574 1279 1578 .

173 1606 278 1664 Miloni
302 1625 319 1664 a
340 1606 444 1663 Clodio
470 1605 574 1676 factas,
596 1623 653 1662 nec
676 1601 859 1679 deprecaturi
872 1618 982 1671 sumus,
1004 1610 1037 1656 ut
1060 1599 1170 1656 crimen
1185 1602 1220 1655 15

172 1686 229 1743 boc
248 1685 345 1757 nobis,
364 1686 455 1742 multa
476 1693 591 1761 propter
613 1682 755 1759 praeclara
768 1681 799 1739 in
827 1678 1037 1756 rempublicam
1058 1676 1170 1748 merita,
1201 1708 1206 1716 .

164 1765 359 1835 ‘condonetis;
380 1784 436 1822 nec
449 1763 631 1840 postulaturi,
646 1772 688 1833 ut,
703 1761 728 1819 si
752 1780 829 1818 mors
851 1759 883 1817 P.
899 1758 996 1816 Clodii
1009 1757 1088 1815 salus
1108 1775 1172 1814 ves·
1230 1793 1238 1805 ·

171 1853 217 1901 tra
236 1844 333 1915 fuerit,
356 1844 467 1902 idcirco
489 1862 554 1901 eam
576 1842 676 1899 virtuti
700 1840 819 1898 Milonis
840 1836 946 1916 potiirs,
968 1837 1054 1913 quam
1074 1834 1171 1913 populi

172 1923 301 1982 Romani
328 1923 472 1994 felicitati,
500 1922 662 1998 assignetis.
718 1920 772 1977 Sin
800 1919 878 1976 illius
901 1917 1013 1974 insidiae
1034 1916 1171 1974 clariores

173 2003 230 2060 hac
243 2004 310 2061 luce
324 2003 441 2073 fuerint,
455 2012 517 2059 tum
540 2001 665 2076 denique
688 1999 848 2058 obsecrabo
868 1997 1091 2071 obtestaborque
1110 2014 1170 2066 vos,
1184 1994 1221 2048 20

178 2081 303 2158 judices,
318 2083 343 2139 si
357 2091 464 2139 caetera
479 2080 637 2150 amisimus,
651 2080 707 2137 hoc
721 2078 823 2136 saltem
837 2076 921 2135 nobis
938 2086 970 2134 ut
983 2074 1170 2150 relinquatur,

41 2227 48 2238 ,
73 2171 77 2197 ²
174 2161 212 2216 ab
226 2160 410 2218 inimicorum
426 2159 550 2216 audacia
563 2159 686 2233 telisque
709 2159 798 2216 vitam
820 2167 852 2214 nt
874 2154 992 2234 impune
1015 2154 1104 2213 liceat
1123 2154 1172 2211 de·

166 2239 304 2297 fondere.

215 2317 274 2375 ΙΙΙ.
310 2319 379 2389 Sed,
395 2327 550 2393 antequam
565 2318 599 2374 ad
615 2317 853 2375 eam'orationem
867 2315 961 2387 venio,
976 2334 1041 2390 quae
1055 2324 1099 2372 est
1111 2332 1173 2392 pro-

173 2395 237 2473 pria
251 2396 549 2472 nostrae‘quaestionis,
574 2397 707 2454 videntur
728 2416 765 2455 ea
786 2416 849 2454 esse
872 2396 1035 2466 refutanda,
1060 2413 1123 2469 quae
1143 2403 1172 2453 et
1184 2392 1221 2446 25

174 2477 205 2534 in
219 2486 322 2534 senatu
337 2478 372 2533 ab
387 2474 513 2533 inimicis
531 2495 607 2553 sape
618 2476 729 2553 jactata
752 2486 827 2547 sunt,
842 2486 872 2534 et
895 2476 926 2533 in
940 2475 1082 2533 concione
1096 2493 1172 2552 sepe

174 2556 211 2612 ab
240 2556 385 2632 improbis,
415 2564 444 2612 et
471 2553 557 2631 paulb
588 2554 655 2613 ante
687 2557 724 2613 ab
751 2555 984 2625 accusatoribus3
1019 2559 1072 2626 ut,¹
1090 2555 1170 2613 omni

172 2632 299 2715 [errore]
315 2636 437 2707 sublato,
452 2654 513 2692 rem
534 2634 632 2712 plane,
654 2655 718 2712 quae
742 2636 821 2693 venit
844 2635 874 2693 in
895 2635 1049 2712 judicium,
1071 2634 1171 2693 videre

171 2714 294 2790 possitis.
901 2723 907 2736 '
934 2767 939 2776 ‚
989 2715 998 2730 ‘

211 2789 330 2871 Negant
344 2794 450 2853 intueri
464 2794 561 2853 lucem
575 2814 640 2852 esse
654 2794 698 2853 fas
712 2794 751 2867 ei,
765 2794 814 2871 qui
833 2813 851 2853 a
873 2814 905 2853 se
927 2792 1074 2854 hominem
1093 2793 1172 2853 occi·
1183 2793 1220 2847 30

79 2899 82 2906 ’
171 2892 235 2930 sum
249 2877 312 2932 esse
323 2873 456 2932 fateatur.
498 2873 535 2932 In
548 2874 606 2950 qud
620 2875 740 2932 tandem
754 2875 825 2933 urbe
839 2876 895 2933 hoc
913 2874 1045 2933 homines
1064 2873 1172 2931 stultis·
1272 2877 1277 2883 “

171 2952 236 3009 simi
257 2953 425 3029 disputanti
456 2972 560 3029 nempe
588 2955 618 3012 in
646 2954 692 3025 ea,
722 2972 786 3028 quae
803 2954 937 3030 'primum
961 2953 1106 3030 judicium
1133 2954 1171 3011 de

171 3031 266 3107 capite
280 3033 353 3089 vidit
375 3032 418 3089 M.
434 3032 560 3104 Horatii,
582 3033 731 3092 fortissimi
752 3032 825 3104 viri3
846 3034 906 3109 qui,
929 3034 1057 3091 nondum
1077 3032 1170 3090 libera

172 3110 299 3181 civitate,
321 3120 420 3168 tamen
442 3112 539 3188 populi
560 3112 690 3170 Romani
711 3112 837 3171 comitiis
858 3113 998 3171 liberatus
1024 3121 1077 3182 est,
1101 3109 1170 3169 crim

171 3189 225 3246 sud
239 3207 328 3247 manu
342 3209 467 3248 sororem
481 3191 664 3248 interfectam
679 3210 742 3250 esse
757 3192 904 3250 fateretur.
1182 3190 1233 3245 35'

211 3269 259 3326 An
274 3279 318 3326 est
332 3269 494 3344 quisquam,
509 3270 559 3344 qui
573 3271 629 3328 hoc
642 3267 765 3347 ignoret,
781 3268 850 3330 ciam
872 3273 909 3340 de
933 3269 1049 3328 homine
1071 3270 1169 3329 occiso

169 3358 322 3423 quaeratur,
338 3359 391 3406 aut
408 3349 510 3426 negari
534 3350 625 3408 solere
645 3349 763 3409 omnino
784 3371 848 3409 esse
870 3352 990 3421 factum,
1013 3360 1072 3422 aut,
1086 3349 1166 3410 recte

106 3427 110 3433 ’
169 3446 204 3485 ac
214 3428 280 3504 jure
294 3428 404 3486 sactum
423 3448 497 3498 esse,
513 3429 650 3487 defendif
691 3429 760 3487 Nisi
773 3428 840 3489 verb
855 3429 1036 3502 existimatis,
1050 3432 1168 3489 demen-

168 3518 226 3564 tem
240 3508 272 3565 P.
288 3507 463 3566 Africanum
486 3507 585 3579 fuisse,
608 3510 668 3583 qui,
692 3507 761 3567 ciun
783 3529 800 3567 a
823 3510 857 3568 C.
883 3509 1167 3582 Carbone-tribuno

168 3586 267 3661 plebis,
295 3587 325 3645 in
353 3587 495 3646 concione
522 3587 658 3647 seditiose
688 3588 922 3667 interrogaretur,
951 3589 1021 3665 quid
1049 3591 1086 3650 de
1114 3590 1165 3648 Ti.
1179 3587 1215 3641 40

169 3666 295 3723 Gracchi
309 3677 399 3725 morte
414 3667 544 3738 sentiret,
567 3669 725 3745 reqiondit,
737 3669 812 3745 -J'ure
833 3688 942 3728 cesum
962 3669 1063 3727 rideri.
1105 3668 1166 3727 Ne·

75 3747 81 3790 ἑ
170 3762 224 3819 que
238 3744 315 3801 enim
328 3755 422 3822 posset
437 3756 488 3804 aut
501 3748 599 3805 Ahala
612 3747 662 3806 ille
682 3748 832 3820 Servilius,
857 3759 908 3818 aut
921 3748 955 3805 P.
970 3746 1093 3819 Nasica,
1115 3756 1166 3804 aut

170 3822 202 3880 L.
217 3822 361 3899 Opimius,
384 3835 434 3882 aut
455 3826 490 3883 C.
506 3825 629 3898 Marius,
652 3837 713 3899 aut,
735 3846 783 3885 me
804 3827 935 3897 consule,
957 3835 1086 3896 senatus,
1106 3843 1165 3882 non

170 3902 296 3962 nefarius
310 3903 420 3975 habe‘ri,
435 3905 460 3963 si
473 3905 629 3964 sceleratos
643 3906 723 3964 cives
737 3905 861 3964 interfici
885 3904 969 3963 nefas
981 3913 1066 3961 esset.
1107 3901 1166 3961 Ita-
1183 3946 1187 3951 Α

402 3984 453 4042 92
