2692 4484
157 307 200 367 62
441 300 578 353 ORATIO
600 300 671 350 PRO
692 300 731 350 Μ.
753 290 962 355 MARCELLO.

207 445 377 522 tnntqune
398 447 488 517 abest,
501 445 534 503 ut
554 444 678 521 aliquam
699 443 803 501 bonam
823 441 947 519 gratiam
966 439 1038 498 mihi
1058 442 1202 515 quaesisse

209 527 317 598 videar,
332 536 363 583 ut
376 525 481 583 multas
502 525 590 582 etiam
617 523 787 593 simultates,
800 522 905 599 partim
921 520 1071 590 obscuras,
1090 519 1201 596 partim

210 616 331 683 apertas,
346 604 515 682 intelligam,
528 602 600 660 mihi
613 621 671 660 non
685 600 874 670 necessarias,
888 598 969 657 vobis
988 617 1046 656 non
1066 599 1198 670 inutiles,

209 684 377 760 suscepisse.
419 684 478 740 Sed
492 701 547 758 ego
566 699 623 752 me,
647 681 703 738 boc
722 681 830 738 honore
849 679 1010 756 praeditum,
1025 677 1114 735 tantis
1134 697 1200 735 ves-

176 768 194 820 5
209 763 261 820 tris
275 760 423 820 beneficiis
436 760 582 829 affectum,
596 758 694 830 statui,
714 757 858 829 Quirites,
871 767 996 815 vestram
1009 756 1199 827 voluntatem,

209 850 239 899 et
266 840 430 917 reipublicae
457 838 637 915 dignitatem,
664 837 842 897 etsolutem
870 834 1083 917 provinciarum
1110 844 1200 910 atque

109 930 112 937 ‘
210 917 361 990 sociorum,
388 918 461 976 meis
486 917 620 975 omnibns
646 914 804 975 commodis
823 924 853 973 et
880 913 1041 973 rationibus
1061 912 1200 989 praeserre

209 1008 347 1074 oportere.

518 1194 844 1204 ffl—-u

587 1395 819 1477 culmo

330 1609 474 1687 nno
519 1588 1076 1685 mstmnnonnno.

254 1948 278 2007 1.
320 1949 479 2008 Dru'runru
509 1945 626 2019 silentii,
647 1947 748 2005 Patres
768 1946 943 2030 conscripti,
964 1965 1021 2021 quo
1049 1965 1127 2004 eram
1154 1944 1201 2002 b1s

166 2029 201 2084 10
214 2028 388 2106 temporibus
401 2047 480 2098 usus,
493 2046 550 2086 non
566 2026 667 2085 timore
681 2014 786 2100 aliquo,
800 2027 851 2084 sed
864 2026 968 2104 partim
981 2025 1087 2096 dolore,
1096 2023 1201 2101 partim

214 2108 398 2178 verecundii,
413 2106 501 2164 finem
521 2105 677 2164 hodiernus
696 2105 758 2163 dies
779 2105 890 2175 attulit;¹
921 2105 1056 2179 idemque
1075 2104 1199 2172 initium,

216 2206 279 2260 quae
300 2187 412 2257 vellem,
433 2202 552 2260 quaeque
572 2183 718 2255 sentirem,
744 2184 960 2261 meopristino
974 2203 1052 2243 more
1075 2181 1199 2241 dicendi.

217 2264 345 2322 Tantam
358 2264 436 2323 enim
450 2263 711 2334 mansuetudinem,
725 2273 784 2321 tam
798 2263 975 2335 inusitatam,
985 2262 1202 2336 inauditamque

217 2342 411 2413 clementiam,
426 2353 549 2413 tantum,
564 2342 593 2399 in
607 2341 721 2399 summi
733 2352 882 2420 potestate,
894 2361 989 2401 rerum
1001 2343 1130 2402 omnium
1144 2359 1203 2398 mo·

168 2419 203 2472 15
218 2421 297 2491 dum,
311 2433 371 2478 tam
384 2421 509 2494 denique
524 2420 723 2479 incredibilem
743 2421 912 2498 sapientiam
927 2441 963 2480 ac
976 2420 1050 2498 penti
1064 2420 1201 2491 divinam,

217 2498 323 2556 tacitus
343 2498 422 2556 nullo
448 2499 533 2557 modo
557 2499 702 2575 preterire
721 2520 845 2576 possum
888 2499 929 2558 Μ.
957 2500 1035 2559 enim
1062 2499 1204 2558 Marcello

218 2577 307 2647 vobis,
321 2577 422 2635 Patres
444 2577 616 2654 conscripti,
638 2578 737 2654 reique
757 2580 880 2657 publicae
893 2580 1015 2650 reddito,
1029 2599 1087 2638 non
1110 2570 1203 2635 solium

220 2654 306 2727 illius,
320 2658 371 2714 scd
384 2675 478 2713 meam
493 2657 580 2714 etiam
594 2676 695 2715 vocem
708 2668 738 2716 et
752 2659 960 2730 auctoritatem,
971 2669 1001 2717 et
1014 2658 1094 2716 robis
1106 2667 1136 2715 et
1149 2656 1204 2714 rei-

184 2754 189 2761 ·
218 2734 341 2810 publicis
355 2747 551 2794 conservatam
566 2754 602 2793 ac
615 2737 775 2794 restitutam
788 2750 864 2814 puto.
1266 2739 1268 2743 ’

168 2819 204 2874 ‘lo
259 2813 400 2872 Dolebam
413 2815 501 2885 enim,
516 2814 617 2872 Patres
630 2815 805 2892 Conscripti,
819 2828 848 2874 et
861 2817 1044 2874 vehementer
1066 2816 1202 2893 angebar,

220 2890 289 2951 crim
302 2893 438 2963 viderem,
453 2895 545 2951 virum
558 2893 656 2964 talem,
672 2894 702 2952 in
715 2895 819 2953 eidem
838 2895 927 2953 causi
949 2895 979 2953 in
998 2895 1056 2971 qni
1070 2915 1124 2972 ego
1137 2895 1205 2952 fuis-

220 2991 291 3044 sem,
302 2992 359 3030 non
368 2972 397 3030 in
405 2973 509 3030 ‘eidem
520 2992 583 3030 esse
591 2973 705 3033 fortuni
717 2992 724 3031 :
739 2978 795 3031 nec
805 2973 875 3031 mihi
883 2976 1056 3050 persuadere
1066 2986 1203 3049 poteram,

220 3071 275 3109 nec
286 3052 329 3110 sas
339 3071 401 3110 esse
410 3052 563 3122 ducebam,
572 3052 679 3110 versari
689 3072 736 3110 me
745 3052 774 3111 in
785 3063 881 3110 nostro
892 3053 980 3111 veteri
991 3053 1145 3122 curriculo,
1157 3052 1205 3112 illo

221 3132 323 3190 remulo
337 3141 422 3208 atque
436 3129 578 3189 imitatore
592 3131 751 3189 studiorum
765 3151 800 3189 ac
820 3131 950 3190 laborum
970 3146 1109 3202 meorum,
1123 3131 1205 3206 quasi

169 3211 206 3263 25
220 3211 342 3285 quodam
357 3211 435 3269 socio
449 3230 466 3268 a
479 3229 526 3267 me
546 3219 576 3268 et
595 3209 710 3282 comite,
725 3210 870 3268 distracto.
911 3210 990 3287 Ergo
1003 3221 1033 3268 et
1046 3210 1115 3267 mihi
1135 3228 1205 3267 meae

220 3289 345 3363 pristine
367 3289 431 3346 vitae
453 3289 702 3359 consuetudinem,
716 3289 751 3347 C.
766 3289 875 3361 Caesar,
895 3289 1081 3347 interclusam
1109 3290 1207 3365 eperu-

221 3365 284 3435 isti;
306 3378 335 3424 et
349 3367 394 3423 his
406 3367 550 3437 omnibus,
566 3368 602 3424 ad
617 3365 691 3424 bene
706 3369 743 3425 dc
755 3369 834 3425 omni
854 3368 1004 3445 republicis
1019 3368 1205 3445 sperandum,

182 3444 301 3518 :quasi
316 3444 430 3520 signum
445 3445 558 3519 aliquod
578 3445 725 3502 sustulisti.
766 3446 951 3505 Intellectum
971 3457 1015 3504 est
1035 3447 1122 3515 enim,
1136 3444 1209 3501 mihi

222 3521 338 3595 quidem
352 3522 381 3578 in
396 3523 503 3592 multis,
517 3534 546 3580 et
560 3521 684 3579 maxime
700 3523 729 3581 in
742 3525 874 3602 meipso,
889 3527 939 3584 sed
961 3525 1047 3602 paulo
1063 3523 1129 3582 ante
1149 3542 1209 3580 om·

171 3613 207 3666 30
222 3599 316 3671 nibus,
338 3598 405 3658 clim
426 3599 468 3658 M.
484 3601 655 3659 Marcellum
676 3603 788 3661 senatui
808 3605 967 3681 populoque
988 3604 1124 3662 Romano
1142 3621 1209 3659 con·

188 3712 205 3725 -
222 3678 344 3749 cessisti,
359 3679 588 3738 commemoratis
601 3683 757 3756 praesertim
777 3685 993 3755 offensionibus,
1007 3696 1036 3741 te
1058 3691 1209 3739 auctorita-

222 3768 280 3817 tem
295 3757 378 3836 hujus
386 3758 504 3831 ordinis,
513 3759 740 3837 dignitatemque
753 3763 929 3841 reipublicae,
937 3763 996 3821 tuis
1006 3762 1051 3820 vel
1065 3760 1209 3820 doloribus

223 3836 266 3895 vel
280 3837 491 3915 suspicionibus
505 3840 654 3898 anteferre.
