2692 4484
639 231 655 266 t

344 312 480 364 onemo
502 312 573 363 PRO
593 312 626 362 Τ.
645 310 761 362 ANNIO
783 310 936 362 MILONE.
1126 310 1185 369 125

183 458 222 517 Et
242 468 317 530 sunt,
337 458 387 533 qui
407 457 444 517 de
463 457 511 515 vid
531 456 628 535 Appia
648 465 816 532 querantur,
836 465 954 514 taceant
974 455 1011 513 de
1032 454 1136 514 curidl

142 538 240 614 etqui
264 539 300 596 ab
320 557 356 595 eo
376 537 502 614 spirante
525 535 618 596 forum
637 545 740 613 putent
758 534 884 612 potuisse
904 535 1033 608 defendi,
1055 535 1138 612 cujus

142 637 201 676 nou
229 616 365 675 restiterit
394 615 530 674 cadaveri
556 616 661 674 curial
702 614 846 686 Excitate,
867 614 993 673 excitate
1013 633 1091 686 eum,
1112 613 1137 671 si

141 696 270 774 potestis,
285 697 322 753 ab
339 694 448 754 inferis.
490 695 645 772 Frangetis
660 694 805 769 ,impetum
824 693 890 764 vivi,
905 694 988 770 cujus
1008 694 1056 753 vix
1077 713 1138 751 sus·

142 776 241 833 tinctis
267 775 357 832 furias
380 774 536 849 insepultil
563 774 620 831 nisi
639 770 708 831 verb
729 772 904 830 sustinuistis
924 792 982 844 eos,
997 774 1047 848 qui
1067 791 1136 831 cum
1168 784 1187 838 5

142 853 256 912 lacibus
277 854 314 911 ad
341 852 454 911 curiam
484 861 685 923 cucurrerunt,
706 870 774 909 cum
795 851 918 909 falcibus
939 852 975 910 ad
995 852 1135 925 Castoris,

142 951 211 991 cum
230 932 336 1010 gladiis
363 941 423 990 toto
448 929 509 989 soro
535 930 698 989 volitirunt
752 929 835 987 Caedi
864 930 974 988 vidistis
1000 932 1136 1009 populum

142 1010 323 1081 Romanum,
337 1010 509 1069 concionem
532 1009 638 1086 gladiis
661 1006 827 1080 disturbari,
842 1006 910 1066 crim
933 1011 1079 1069 audiretur
1099 1010 1137 1068 si·

144 1090 234 1148 lentio
255 1088 298 1146 Μ.
313 1089 435 1160 Cetius,
458 1088 591 1146 tribunus
612 1088 715 1164 plebis,
735 1087 777 1146 vir
797 1097 827 1145 et
849 1088 880 1145 in
901 1107 933 1146 ro
952 1088 1068 1165 publica
1082 1090 1138 1148 for·

144 1169 284 1238 tissimus,
298 1178 328 1225 et
341 1166 373 1224 in
385 1166 519 1243 suscepta
533 1167 622 1224 causa
640 1166 829 1237 firmissimus,
844 1176 873 1224 et
887 1167 1026 1225 bonorum
1041 1169 1136 1227 volun·
1151 1183 1186 1238 10

145 1246 199 1303 tati
212 1255 242 1303 et
256 1244 420 1304 auctoritati
433 1246 550 1304 senatis
564 1245 688 1317 deditus,
703 1255 741 1316 et,
756 1245 787 1303 in
807 1245 863 1303 hac
883 1244 1002 1304 Milonis
1015 1247 1074 1306 sive
1094 1248 1137 1307 in·

145 1324 225 1382 vidia
239 1324 299 1382 sive
310 1324 423 1382 fortuni
436 1324 585 1402 singulari,
599 1324 698 1383 divini
712 1333 741 1382 et
755 1324 919 1382 incredibili
932 1325 997 1383 fide.

185 1401 335 1461 XXXIV.
376 1403 436 1461 Sed
453 1403 514 1480 jam
535 1404 605 1461 satis
628 1403 720 1460 multa
736 1404 773 1462 de
787 1403 896 1461 causa:
917 1414 998 1462 extra
1017 1424 1137 1464 causam

124 1481 234 1540 .,etiam
248 1482 335 1540 nimis
348 1482 466 1540 sortasse
480 1481 578 1540 multa
619 1482 704 1543 Quid
718 1492 817 1554 restat,
831 1482 887 1540 nisi
908 1492 941 1540 ut
953 1503 1031 1541 orem
1044 1485 1137 1543 obtes-

143 1570 245 1637 terque
259 1579 317 1632 vos,
328 1560 452 1637 judices,
467 1572 500 1619 ut
512 1580 578 1619 eam
592 1560 821 1620 misericordiam
834 1561 969 1620 tribuatis
983 1562 1138 1623 fortissimo
1152 1576 1186 1631 15

142 1640 213 1712 viro,
229 1658 315 1716 quam
329 1640 390 1717 ipse
403 1658 461 1699 non
475 1640 623 1719 implorat;
645 1660 711 1717 ego,
726 1640 814 1699 etiam
833 1651 1015 1718 repugnante
1029 1643 1095 1713 hoc,
1108 1652 1138 1701 et

142 1719 272 1795 imploro,
300 1728 329 1777 et
355 1720 500 1797 exposcol
540 1719 649 1792 Nolite,
672 1720 707 1791 si,
732 1720 762 1777 in
788 1731 886 1779 nostro
906 1721 1037 1779 omnium
1056 1720 1136 1794 fletu,

142 1797 251 1857 nullam
284 1798 444 1875 lacrymant
473 1798 642 1875 adspexistis
670 1798 809 1869 Milonis3
837 1800 862 1858 si
888 1799 999 1858 vultum
1025 1819 1137 1877 semper

142 1878 279 1949 eundem,
293 1875 318 1935 si
341 1897 453 1951 vocem,
472 1878 497 1938 si
517 1879 687 1951 orationem,
702 1878 845 1936 stabilem
869 1898 904 1936 ac
926 1899 983 1938 non
997 1889 1137 1938 mutatam

48 2015 51 2019 ,
142 1956 256 2028 videtis,
270 1958 327 2015 hoc
346 1955 444 2016 mimis
472 1957 500 2016 ei
520 1976 659 2034 parcere:
682 1967 767 2032 atque
789 1956 867 2015 baud
889 1958 961 2030 scio,
985 1977 1023 2017 an
1045 1957 1136 2017 multd
1150 1968 1187 2023 ω

143 2036 232 2093 etiam
258 2035 296 2093 sit
323 2035 502 2113 adjuvandus
528 2036 629 2113 magis.
679 2036 806 2108 Etenim,
834 2035 869 2109 si,
897 2036 927 2095 in
961 2037 1138 2115 gladiatoriis

143 2114 259 2191 pugnis,
273 2124 303 2173 et
316 2115 346 2172 in
370 2114 463 2172 infimi
485 2116 600 2191 generis
623 2115 772 2173 hominnm
793 2116 958 2175 conditione
979 2127 1064 2192 atque
1084 2117 1138 2176 for·

144 2193 227 2264 tuna,
248 2193 364 2250 timidos
387 2203 417 2250 et
440 2194 592 2269 supplices,
606 2203 646 2265 et,
660 2203 693 2251 ut
713 2194 809 2252 rivere
828 2194 926 2267 liceat,
939 2195 1136 2270 obsecrantes,

146 2271 234 2328 etiam
248 2270 343 2329 odisse
355 2272 480 2329 solemus
488 2292 496 2341 ;
516 2272 614 2345 sortes,
628 2283 657 2331 et
672 2273 823 2345 animosos,
843 2283 917 2332 etse
938 2275 1043 2333 acriter
1063 2274 1138 2352 ipsos

146 2350 231 2408 morti
256 2350 418 2422 offerentes,
446 2370 560 2409 servare
587 2352 738 2429 cupimus3
775 2372 932 2428 eorumque
965 2374 1018 2412 nos
1044 2354 1186 2431 magis25

146 2429 273 2500 miseret,
287 2430 336 2505 qui
350 2440 477 2488 nostram
491 2430 718 2489 misericordiam
732 2451 790 2489 non
805 2432 965 2507 requirunt,
979 2431 1067 2510 qudm
1088 2434 1137 2509 qui

145 2507 226 2566 illam
253 2508 428 2586 efflagitant;
459 2519 567 2585 quanto
587 2511 642 2569 hoc
666 2510 761 2589 magis
784 2511 815 2569 in
836 2509 998 2570 fortissimis
1024 2512 1137 2571 civibus

39 2611 43 2616 ·
145 2586 243 2646 lacere
257 2588 414 2646 debemus!

184 2665 236 2724 Me
259 2668 385 2742 quidem,
404 2667 529 2744 judices,
551 2668 719 2728 exanimant
742 2679 772 2728 et
795 2669 963 2736 interimunt
985 2670 1030 2729 hae
1050 2690 1136 2731 voces

145 2744 273 2818 Milonis,
300 2765 371 2822 quas
399 2747 485 2806 audio
512 2747 638 2820 assidue,
666 2758 697 2807 et
716 2749 820 2824 quibus
840 2749 979 2809 intersum
998 2751 1135 2827 quotidie.
1148 2762 1185 2817 30

145 2831 164 2858 “
175 2824 310 2897 Valeant,
323 2826 468 2898 valeant,''
483 2826 586 2902 inquit,
601 2834 620 2860 “
633 2826 712 2886 cives
732 2829 808 2900 mei,
829 2829 960 2889 valeant:
981 2830 1038 2888 sint
1058 2829 1137 2889 inco-
1179 2902 1183 2907 ,

145 2902 245 2977 lumes,
260 2904 318 2963 sint
330 2905 474 2977 florentes,
489 2906 548 2964 sint
560 2906 657 2965 beati:
678 2916 734 2965 stet
757 2908 820 2967 hnc
833 2908 902 2967 urbs
921 2909 1070 2986 praeclara,
1084 2909 1137 2967 mi·

144 2983 232 3058 hique
257 2983 352 3059 patria
370 2985 530 3056 carissima,
558 3004 672 3061 quoquo
701 2986 787 3045 modo
815 2987 919 3046 merita
947 2987 985 3045 de
1005 3006 1051 3045 me
1072 2987 1135 3046 erit.
1158 3023 1164 3036 ι

145 3062 318 3139 Tranquilli
331 3064 481 3139 republica
495 3064 573 3122 cives
586 3064 645 3122 mei
660 3065 811 3142 (quoniam
833 3066 904 3124 mihi
919 3066 1057 3124 cumillis
1077 3087 1136 3124 non

91 3192 94 3195 ,
145 3141 228 3221 licet)
250 3142 313 3200 sine
333 3160 380 3200 me
403 3142 468 3218 ipsi,
490 3142 541 3200 sed
566 3162 617 3219 per
643 3162 691 3201 me
712 3152 821 3217 tameo,
850 3144 1054 3222 perfruantur:
1083 3156 1185 3221 eg035

146 3219 259 3291 cedam,
274 3229 360 3296 atque
374 3220 467 3279 abibo.
510 3221 628 3280 Si'mihi
648 3222 798 3298 republica
812 3224 888 3282 bona
907 3223 963 3282 frui
977 3243 1035 3282 non
1048 3224 1138 3282 licue-

144 3298 191 3370 rit,
207 3309 236 3356 at
250 3300 356 3358 carebo
375 3299 469 3357 mala:
490 3309 529 3372 et,
552 3318 639 3375 quam
661 3301 785 3377 primam
805 3302 928 3380 tetigero
951 3302 1026 3362 benc
1045 3322 1137 3362 mora·

143 3387 203 3436 tam
223 3387 253 3435 et
271 3378 394 3437 liberam
414 3378 572 3451 civitatem,
593 3379 624 3437 in
644 3380 681 3438 ed
701 3380 914 3458 conquiescam.
954 3381 983 3441 Ο
1003 3382 1133 3441 frustra”

144 3456 265 3549 (inquit)
291 3458 446 3535 “suscepti
470 3458 528 3516 mei
541 3459 670 3518 labores!
700 3478 803 3538 ospes
822 3460 957 3520 fallacesl
978 3482 997 3521 o
1026 3462 1134 3540 cogita·

142 3536 235 3594 tiones
254 3556 356 3596 manes
379 3539 472 3596 mere!
515 3538 589 3615 Ego,
614 3535 693 3612 ciun,
718 3540 851 3599 tribunus
869 3540 970 3617 plebis,
984 3538 1183 3619 republietto

142 3615 286 3692 oppressd,
299 3635 347 3676 me
360 3617 474 3676 senatui
495 3617 649 3690 dedissem,
664 3638 750 3694 quem
761 3619 934 3679 enstinctum
945 3640 1133 3697 acceperam

143 3694 288 3769 equitibus
301 3695 453 3768 Romanis,
468 3715 589 3773 quorum
602 3697 678 3756 vires
698 3708 781 3757 erant
802 3697 930 3771 debiles;
952 3699 1035 3757 bonis
1054 3697 1133 3770 viris,

143 3772 193 3850 qui
212 3790 327 3831 omnem
351 3776 550 3835 auctoritatem
573 3776 724 3836 Clodianis
747 3778 835 3835 armis
858 3777 1042 3854 abjecerant;
1062 3774 1134 3833 mihi

144 3869 271 3927 unquam
284 3852 423 3912 bonorum
435 3854 601 3931 presidium
615 3855 782 3915 defuturum
801 3856 956 3933 putareml
976 3855 1050 3930 Ego,
1065 3850 1134 3909 crim
1227 3935 1233 3940 ‚

385 3933 448 3991 lt*
