2692 4484
141 320 184 380 34
413 313 549 365 ORATIO
570 314 617 365 lv.
638 314 678 365 IN
699 316 732 365 L.
748 314 961 365 CATILINAM.

192 477 287 536 quum,
299 456 443 528 Quirites,
457 455 529 530 mihi
542 456 659 531 quidem
668 456 724 533 ipsi
733 457 805 515 nihil
816 456 877 533 jem
892 458 929 514 ab
943 457 1005 515 istis
1018 459 1115 516 noceri
1130 481 1177 537 po·
1264 512 1267 517 .

191 547 262 596 test:
283 554 422 612 magnum
442 534 521 592 enim
541 544 586 592 est
605 534 636 592 in
658 535 741 594 bouis
761 535 935 611 presidium,
957 537 1035 611 quod
1055 538 1126 594 mihi
1147 540 1177 596 in

190 624 360 693 perpetuum
374 622 569 689 comparatum
582 622 642 682 est;
663 632 770 690 magne
778 624 821 670 est
834 613 865 671 in
878 614 1027 690 republicd
1041 616 1177 692 dignitas,

192 712 255 769 quae
269 711 316 750 me
330 710 440 768 semper
454 690 544 748 tacita
557 691 709 748 defendet:
731 710 838 768 magna
853 691 901 748 -vis
922 703 965 750 est
982 694 1177 766 conscientie,

159 777 279 846 5quam
292 770 342 846 qui
364 769 522 846 negligent,
542 767 610 826 crim
632 788 680 827 me
693 769 799 827 violare
820 770 925 841 volent,
939 789 971 828 se
993 770 1048 847 ipsi
1069 772 1179 830 indica·

191 851 273 907 bunt.
745 889 751 902 .
1036 891 1038 894 ψ

230 927 284 984 Est
297 926 385 983 etiem
398 926 519 983 innobis
533 925 557 981 is
572 924 695 997 animus,
702 925 847 996 Quirites,
855 936 887 982 ut
900 944 957 983 non
971 925 1056 985 modo
1070 928 1178 985 nullius
1253 990 1264 1007 ,

192 1005 322 1061 audaciae
343 1004 490 1074 cedamus,
513 1003 563 1060 sed
585 1004 673 1060 etiem
694 1023 794 1061 onmes
816 1004 957 1080 improbos
978 1006 1053 1063 ultro
1066 1024 1177 1082 semper

192 1083 374 1140 lacessamus.
415 1079 507 1142 Qudd
521 1083 546 1138 si
558 1081 652 1139 omnis
671 1082 795 1158 impetus
808 1083 1030 1140 domesticorum
1043 1083 1176 1155 hostium,

144 1160 177 1213 10
192 1159 326 1236 depulsus
341 1179 358 1216 a
370 1159 459 1229 vobis,
474 1179 504 1216 se
518 1159 549 1216 in
563 1177 609 1216 me
623 1179 714 1216 unum
737 1161 925 1230 converterit3
946 1161 1026 1218 vobis
1048 1161 1103 1218 erit
1115 1181 1178 1237 pro·

192 1237 356 1308 videndum,
369 1237 511 1307 Quirites,
524 1237 581 1310 quel
603 1237 767 1295 conditione
788 1238 907 1313 posthac
928 1259 977 1296 eos
998 1258 1060 1296 esse
1073 1239 1176 1311 velitis,

191 1315 242 1389 qui
255 1335 296 1386 se,
310 1335 361 1393 pro
374 1317 465 1372 salute
481 1314 584 1384 vestre,
598 1314 755 1372 obtulerint
774 1315 889 1372 invidie
907 1317 1099 1392 periculisque
1118 1337 1178 1375 om·

191 1393 285 1451 nibus.
326 1392 402 1451 Mihi
416 1393 532 1467 quidem
543 1392 606 1467 ipsi,
617 1392 686 1465 quid
701 1403 753 1463 est,
765 1393 840 1466 quod
852 1393 911 1467 jam
924 1392 960 1451 ed
974 1394 1038 1450 vitre
1051 1395 1177 1451 fructum

190 1471 279 1547 possit
293 1471 413 1547 acquiri,
425 1470 583 1545 presertim
596 1466 665 1526 cum
679 1489 773 1544 neque
786 1470 817 1526 in
841 1471 948 1527 honore
965 1481 1067 1542 vestro,
1082 1491 1177 1547 neque

142 1545 177 1597 15
191 1548 222 1606 iu
235 1549 326 1625 gloriis
339 1549 461 1617 virtutis,
475 1547 631 1623 quidquam
645 1548 758 1604 videam
780 1547 874 1616 altius,
889 1545 946 1620 qud
968 1548 1085 1621 quidem
1105 1550 1176 1607 mihi

190 1626 279 1683 libeat
292 1627 468 1683 escenderet
508 1623 586 1680 Illud
606 1623 755 1699 perficiam
777 1623 916 1698 profecte,
928 1623 1072 1696 Quirites,
1086 1636 1118 1683 ut
1131 1646 1176 1699 ea,

190 1722 254 1777 quae
267 1703 387 1780 gessiin
409 1701 569 1771 consulatu,
590 1700 718 1776 privatus
740 1711 823 1759 tuear
847 1711 932 1777 atque
952 1722 1068 1772 ornem;
1089 1715 1131 1775 ut,
1151 1706 1177 1763 si

191 1800 249 1855 qua
261 1791 306 1839 est
318 1780 426 1838 invidio
439 1780 470 1837 in
484 1779 680 1837 conservande
689 1779 839 1854 republicel
852 1793 994 1856 suscepta,
1008 1782 1094 1839 laedat
1106 1783 1177 1840 iuvi·

167 1917 171 1923 ,
191 1859 252 1930 dos,
266 1859 338 1916 mihi
357 1860 451 1915 valeat
471 1858 507 1914 ad
528 1857 656 1933 gloriam.
698 1856 833 1932 Denique
857 1858 897 1915 ita
917 1877 964 1916 me
985 1859 1015 1916 in
1028 1861 1176 1935 republic'd

141 1940 176 1995 20
190 1937 329 2008 tractabo,
344 1947 376 1994 ut
389 1935 568 1993 meminerim
585 1953 696 2011 semper
710 1954 773 2008 quae
794 1936 942 2011 gesserim,
957 1956 1123 2013 curemque,
1144 1949 1177 1997 ut

189 2034 226 2073 ee
238 2015 352 2086 virtute,
366 2034 424 2072 nou
437 2033 517 2084 casu,
531 2024 613 2090 gesta
626 2033 690 2070 esse
703 2013 862 2071 videantur.
945 2057 947 2059 -

229 2093 298 2164 Vos,
311 2093 455 2163 Quirites,
469 2091 604 2166 quoniam
616 2091 676 2167 jam
696 2111 753 2149 nox
773 2102 826 2163 est,
842 2092 1019 2151 veneramini
1033 2094 1114 2151 illum
1127 2094 1172 2153 Jo

191 2190 265 2241 vem,
280 2172 428 2230 custodem
441 2170 527 2247 hujus
540 2169 619 2228 urbis
633 2188 668 2227 nc
683 2170 826 2240 vestrdm;
849 2181 934 2246 atque
948 2172 978 2228 in
991 2182 1085 2229 vestra
1097 2183 1175 2230 tecte

191 2248 347 2307 discedite:
381 2260 410 2307 et
433 2269 478 2321 ea,
499 2267 662 2323 quanquam
682 2248 743 2324 jam
763 2250 923 2325 periculum
945 2259 989 2307 est
1015 2251 1174 2325 depulsum,

138 2326 175 2382 25
186 2335 297 2398 tamen,
312 2325 393 2401 reque
415 2347 450 2385 ec
469 2327 557 2404 priori
576 2337 671 2397 nocte,
686 2328 824 2385 custodiis
844 2328 1005 2403 vigiliisque
1019 2328 1174 2386 defendite.

190 2402 226 2461 Id
239 2424 277 2463 ne
289 2405 370 2463 vobis
383 2403 491 2461 diutius
512 2406 677 2462 laciendum
697 2406 743 2476 sit,
759 2415 844 2478 atque
864 2415 896 2460 ut
909 2405 939 2461 in
952 2406 1089 2480 perpetuis
1101 2424 1176 2481 pace

152 2536 157 2551 ,
190 2500 253 2539 esse
265 2481 387 2558 possitis,
400 2482 563 2557 providebo,
575 2482 716 2544 Quirites.

494 2700 866 2732 ======

512 2865 742 2946 ORATIO
777 2865 849 2944 IV.

666 3067 694 3100 nt

425 3211 481 3284 L.
518 3207 932 3284 CATILINAM.

231 3500 254 3558 Ι.
275 3500 389 3570 ano,
402 3500 504 3558 Patres
524 3501 699 3580 Conscripti‚
714 3502 745 3559 in
765 3520 811 3558 me
831 3499 960 3559 omnium
979 3500 1105 3559 vestrum
1124 3519 1176 3559 ora

191 3588 276 3653 atque
288 3577 387 3636 ocules
400 3597 463 3636 esse
476 3598 643 3640 conversos:
664 3581 756 3652 video,
771 3600 829 3651 vos,
843 3600 900 3638 non
920 3578 1012 3638 solum
1033 3580 1069 3636 de
1083 3589 1176 3637 vestro

108 3723 109 3726 Ἰ
138 3666 175 3720 30
191 3675 226 3714 ec
240 3655 415 3732 reipublicae,
429 3655 528 3716 verdm
541 3661 629 3717 etiarn
645 3658 684 3737 (si
698 3660 728 3717 id
741 3659 890 3735 depulsum
905 3659 955 3734 sit)
975 3660 1012 3714 de
1026 3677 1090 3713 meo
1102 3658 1176 3731 peri-

191 3735 257 3793 culo
270 3755 333 3793 esse
347 3735 491 3793 sollicitos.
532 3737 585 3796 Est
599 3739 669 3795 mihi
689 3738 818 3814 jucunda
839 3737 870 3793 in
893 3736 986 3803 malis,
1001 3744 1030 3790 et
1042 3743 1125 3808 grata
1145 3735 1175 3790 in

191 3813 296 3886 dolore,
311 3823 406 3872 vestre
418 3834 488 3891 erge
501 3835 547 3875 me
560 3818 708 3877 voluntas:
728 3817 779 3875 sed
800 3832 864 3883 eam
886 3811 949 3888 (per
970 3811 1048 3870 Deos
1062 3811 1176 3870 immor·
