<?xml version="1.0" encoding="UTF-8"?>
<!DOCTYPE html PUBLIC "-//W3C//DTD XHTML 1.0 Transitional//EN"
    "http://www.w3.org/TR/xhtml1/DTD/xhtml1-transitional.dtd">
<html xmlns="http://www.w3.org/1999/xhtml" xml:lang="en" lang="en">
 <head>
  <title>
</title>
<meta http-equiv="Content-Type" content="text/html;charset=utf-8" />
  <meta name='ocr-system' content='tesseract 3.04.00' />
  <meta name='ocr-capabilities' content='ocr_page ocr_carea ocr_par ocr_line ocrx_word'/>
</head>
<body>
  <div class='ocr_page' id='page_1' title='image "./orationesqudams02cicegoog/orationesqudams02cicegoog_0075.png"; bbox 0 0 2692 4484; ppageno 0'>
   <div class='ocr_carea' id='block_1_1' title="bbox 450 313 922 374">
    <p class='ocr_par' dir='ltr' id='par_1_1' title="bbox 450 313 922 374">
     <span class='ocr_line' id='line_1_1' title="bbox 450 313 922 374; baseline 0 -10"><span class='ocrx_word' id='word_1_1' title='bbox 450 315 587 366; x_wconf 79' lang='lat' dir='ltr'><strong>ORATIO</strong></span> <span class='ocrx_word' id='word_1_2' title='bbox 609 314 680 366; x_wconf 83' lang='lat' dir='ltr'><strong>PRO</strong></span> <span class='ocrx_word' id='word_1_3' title='bbox 702 316 736 374; x_wconf 80' lang='lat' dir='ltr'><strong>Q.</strong></span> <span class='ocrx_word' id='word_1_4' title='bbox 758 313 922 365; x_wconf 81' lang='lat' dir='ltr'><strong>LIGARIO.</strong></span> 
     </span>
    </p>
   </div>
   <div class='ocr_carea' id='block_1_2' title="bbox 565 619 842 702">
    <p class='ocr_par' dir='ltr' id='par_1_2' title="bbox 565 619 842 702">
     <span class='ocr_line' id='line_1_2' title="bbox 565 619 842 702; baseline 0.004 -1"><span class='ocrx_word' id='word_1_5' title='bbox 565 619 796 702; x_wconf 86' lang='lat' dir='ltr'><strong>ORATIO</strong></span> <span class='ocrx_word' id='word_1_6' title='bbox 837 642 842 654; x_wconf 86' lang='lat'><strong>·</strong></span> 
     </span>
    </p>
   </div>
   <div class='ocr_carea' id='block_1_3' title="bbox 382 861 976 978">
    <p class='ocr_par' dir='ltr' id='par_1_3' title="bbox 382 861 976 978">
     <span class='ocr_line' id='line_1_3' title="bbox 382 861 976 978; baseline 0.002 -43"><span class='ocrx_word' id='word_1_7' title='bbox 382 861 512 936; x_wconf 74' lang='lat' dir='ltr'><strong>eno</strong></span> <span class='ocrx_word' id='word_1_8' title='bbox 556 863 617 955; x_wconf 78' lang='lat' dir='ltr'><strong>q.</strong></span> <span class='ocrx_word' id='word_1_9' title='bbox 656 861 976 978; x_wconf 67' lang='lat' dir='ltr'><strong>trenaro.</strong></span> 
     </span>
    </p>
   </div>
   <div class='ocr_carea' id='block_1_4' title="bbox 548 1105 812 1118">
    <p class='ocr_par' dir='ltr' id='par_1_4' title="bbox 548 1105 812 1118">
     <span class='ocr_line' id='line_1_4' title="bbox 548 1105 812 1118; baseline -0.008 0"><span class='ocrx_word' id='word_1_10' title='bbox 548 1105 812 1118; x_wconf 54' lang='lat' dir='ltr'><strong>m</strong></span> 
     </span>
    </p>
   </div>
   <div class='ocr_carea' id='block_1_5' title="bbox 96 1254 1280 4008">
    <p class='ocr_par' dir='ltr' id='par_1_5' title="bbox 185 1254 1178 1489">
     <span class='ocr_line' id='line_1_5' title="bbox 225 1254 1177 1325; baseline 0.001 -12"><span class='ocrx_word' id='word_1_11' title='bbox 225 1254 249 1313; x_wconf 90' lang='lat' dir='ltr'><strong>l.</strong></span> <span class='ocrx_word' id='word_1_12' title='bbox 271 1254 387 1325; x_wconf 81' lang='lat' dir='ltr'><strong>Normr</strong></span> <span class='ocrx_word' id='word_1_13' title='bbox 401 1255 522 1325; x_wconf 89' lang='lat' dir='ltr'><strong>crimen,</strong></span> <span class='ocrx_word' id='word_1_14' title='bbox 537 1254 593 1318; x_wconf 82' lang='lat' dir='ltr'><strong>Cai</strong></span> <span class='ocrx_word' id='word_1_15' title='bbox 607 1254 717 1325; x_wconf 75' lang='lat' dir='ltr'><strong>Cesar,</strong></span> <span class='ocrx_word' id='word_1_16' title='bbox 731 1264 761 1312; x_wconf 90' lang='lat' dir='ltr'><strong>et</strong></span> <span class='ocrx_word' id='word_1_17' title='bbox 779 1263 846 1312; x_wconf 89' lang='lat' dir='ltr'><strong>ante</strong></span> <span class='ocrx_word' id='word_1_18' title='bbox 866 1255 946 1312; x_wconf 86' lang='lat' dir='ltr'><strong>hunc</strong></span> <span class='ocrx_word' id='word_1_19' title='bbox 966 1254 1043 1312; x_wconf 91' lang='lat' dir='ltr'><strong>diem</strong></span> <span class='ocrx_word' id='word_1_20' title='bbox 1065 1254 1177 1314; x_wconf 87' lang='lat' dir='ltr'><strong>inaudi-</strong></span> 
     </span>
     <span class='ocr_line' id='line_1_6' title="bbox 185 1332 1178 1424; baseline 0.001 -33"><span class='ocrx_word' id='word_1_21' title='bbox 185 1334 557 1424; x_wconf 30' lang='lat' dir='ltr'><strong>tumetbpinqdusmeus</strong></span> <span class='ocrx_word' id='word_1_22' title='bbox 581 1333 618 1391; x_wconf 91' lang='lat' dir='ltr'><strong>ad</strong></span> <span class='ocrx_word' id='word_1_23' title='bbox 641 1344 680 1403; x_wconf 89' lang='lat' dir='ltr'><strong>te,</strong></span> <span class='ocrx_word' id='word_1_24' title='bbox 693 1333 734 1394; x_wconf 80' lang='lat' dir='ltr'><strong>Q.</strong></span> <span class='ocrx_word' id='word_1_25' title='bbox 749 1332 878 1404; x_wconf 80' lang='lat' dir='ltr'>Tubero,</span> <span class='ocrx_word' id='word_1_26' title='bbox 902 1333 1015 1404; x_wconf 87' lang='lat' dir='ltr'><strong>detulit,</strong></span> <span class='ocrx_word' id='word_1_27' title='bbox 1034 1334 1074 1395; x_wconf 78' lang='lat' dir='ltr'><strong>Q.</strong></span> <span class='ocrx_word' id='word_1_28' title='bbox 1090 1334 1178 1411; x_wconf 89' lang='lat' dir='ltr'><strong>Liga-</strong></span> 
     </span>
     <span class='ocr_line' id='line_1_7' title="bbox 186 1411 1175 1489; baseline 0.001 -19"><span class='ocrx_word' id='word_1_29' title='bbox 186 1413 260 1470; x_wconf 83' lang='lat' dir='ltr'>rium</span> <span class='ocrx_word' id='word_1_30' title='bbox 275 1433 304 1470; x_wconf 91' lang='lat' dir='ltr'><strong>m</strong></span> <span class='ocrx_word' id='word_1_31' title='bbox 319 1413 420 1470; x_wconf 70' lang='lat' dir='ltr'><strong>Africa</strong></span> <span class='ocrx_word' id='word_1_32' title='bbox 437 1412 542 1470; x_wconf 86' lang='lat' dir='ltr'><strong>fuisse:</strong></span> <span class='ocrx_word' id='word_1_33' title='bbox 563 1413 649 1488; x_wconf 90' lang='lat' dir='ltr'><strong>idque</strong></span> <span class='ocrx_word' id='word_1_34' title='bbox 663 1412 698 1469; x_wconf 86' lang='lat' dir='ltr'><strong>C.</strong></span> <span class='ocrx_word' id='word_1_35' title='bbox 713 1411 819 1483; x_wconf 81' lang='lat' dir='ltr'><strong>Pansa,</strong></span> <span class='ocrx_word' id='word_1_36' title='bbox 832 1412 978 1489; x_wconf 75' lang='lat' dir='ltr'><strong>praestanti</strong></span> <span class='ocrx_word' id='word_1_37' title='bbox 992 1412 1035 1469; x_wconf 86' lang='lat' dir='ltr'><strong>vir</strong></span> <span class='ocrx_word' id='word_1_38' title='bbox 1048 1413 1175 1489; x_wconf 84' lang='lat' dir='ltr'><strong>ingenio,</strong></span> 
     </span>
    </p>

    <p class='ocr_par' dir='ltr' id='par_1_6' title="bbox 144 1490 1176 1566">
     <span class='ocr_line' id='line_1_8' title="bbox 144 1490 1176 1566; baseline -0.001 -16"><span class='ocrx_word' id='word_1_39' title='bbox 144 1522 146 1525; x_wconf 91' lang='lat'><em>·</em></span> <span class='ocrx_word' id='word_1_40' title='bbox 186 1490 276 1550; x_wconf 75' lang='lat' dir='ltr'><strong>fretus</strong></span> <span class='ocrx_word' id='word_1_41' title='bbox 292 1491 410 1550; x_wconf 78' lang='lat' dir='ltr'>sortasse</span> <span class='ocrx_word' id='word_1_42' title='bbox 433 1491 469 1549; x_wconf 75' lang='lat' dir='ltr'><strong>el</strong></span> <span class='ocrx_word' id='word_1_43' title='bbox 493 1490 688 1548; x_wconf 73' lang='lat' dir='ltr'><strong>familiaritate</strong></span> <span class='ocrx_word' id='word_1_44' title='bbox 708 1510 771 1566; x_wconf 83' lang='lat' dir='ltr'><strong>quae</strong></span> <span class='ocrx_word' id='word_1_45' title='bbox 791 1501 836 1548; x_wconf 89' lang='lat' dir='ltr'><strong>est</strong></span> <span class='ocrx_word' id='word_1_46' title='bbox 855 1491 883 1548; x_wconf 89' lang='lat' dir='ltr'><strong>ei</strong></span> <span class='ocrx_word' id='word_1_47' title='bbox 902 1502 1010 1561; x_wconf 89' lang='lat' dir='ltr'><strong>tecum,</strong></span> <span class='ocrx_word' id='word_1_48' title='bbox 1026 1509 1114 1548; x_wconf 90' lang='lat' dir='ltr'><strong>ausus</strong></span> <span class='ocrx_word' id='word_1_49' title='bbox 1132 1501 1176 1549; x_wconf 92' lang='lat' dir='ltr'><strong>est</strong></span> 
     </span>
    </p>

    <p class='ocr_par' dir='ltr' id='par_1_7' title="bbox 151 1567 1175 1646">
     <span class='ocr_line' id='line_1_9' title="bbox 151 1567 1175 1646; baseline -0.003 -16"><span class='ocrx_word' id='word_1_50' title='bbox 151 1569 324 1630; x_wconf 74' lang='lat' dir='ltr'><strong>dcenliteri.</strong></span> <span class='ocrx_word' id='word_1_51' title='bbox 379 1569 492 1644; x_wconf 88' lang='lat' dir='ltr'><strong>Itaque,</strong></span> <span class='ocrx_word' id='word_1_52' title='bbox 514 1567 572 1645; x_wconf 82' lang='lat' dir='ltr'><strong>qud</strong></span> <span class='ocrx_word' id='word_1_53' title='bbox 594 1587 641 1627; x_wconf 88' lang='lat' dir='ltr'><strong>me</strong></span> <span class='ocrx_word' id='word_1_54' title='bbox 660 1580 780 1640; x_wconf 83' lang='lat' dir='ltr'><strong>vertam,</strong></span> <span class='ocrx_word' id='word_1_55' title='bbox 808 1569 923 1639; x_wconf 65' lang='lat' dir='ltr'><strong>nescim</strong></span> <span class='ocrx_word' id='word_1_56' title='bbox 950 1580 1068 1646; x_wconf 91' lang='lat' dir='ltr'><strong>paratus</strong></span> <span class='ocrx_word' id='word_1_57' title='bbox 1095 1571 1175 1628; x_wconf 90' lang='lat' dir='ltr'><strong>enim</strong></span> 
     </span>
    </p>

    <p class='ocr_par' dir='ltr' id='par_1_8' title="bbox 185 1647 1177 1961">
     <span class='ocr_line' id='line_1_10' title="bbox 185 1647 1177 1726; baseline 0.002 -22"><span class='ocrx_word' id='word_1_58' title='bbox 185 1667 331 1721; x_wconf 84' lang='lat' dir='ltr'><strong>veneram,</strong></span> <span class='ocrx_word' id='word_1_59' title='bbox 353 1647 435 1726; x_wconf 91' lang='lat' dir='ltr'><strong>(cum</strong></span> <span class='ocrx_word' id='word_1_60' title='bbox 449 1658 480 1705; x_wconf 91' lang='lat' dir='ltr'><strong>tu</strong></span> <span class='ocrx_word' id='word_1_61' title='bbox 504 1647 534 1705; x_wconf 94' lang='lat' dir='ltr'><strong>id</strong></span> <span class='ocrx_word' id='word_1_62' title='bbox 555 1667 650 1723; x_wconf 89' lang='lat' dir='ltr'><strong>neque</strong></span> <span class='ocrx_word' id='word_1_63' title='bbox 662 1667 713 1724; x_wconf 90' lang='lat' dir='ltr'><strong>per</strong></span> <span class='ocrx_word' id='word_1_64' title='bbox 736 1658 765 1706; x_wconf 87' lang='lat' dir='ltr'><strong>te</strong></span> <span class='ocrx_word' id='word_1_65' title='bbox 776 1649 878 1717; x_wconf 78' lang='lat' dir='ltr'><strong>scires,</strong></span> <span class='ocrx_word' id='word_1_66' title='bbox 891 1667 987 1724; x_wconf 88' lang='lat' dir='ltr'><strong>neque</strong></span> <span class='ocrx_word' id='word_1_67' title='bbox 1005 1649 1105 1706; x_wconf 89' lang='lat' dir='ltr'><strong>audire</strong></span> <span class='ocrx_word' id='word_1_68' title='bbox 1126 1649 1177 1706; x_wconf 90' lang='lat' dir='ltr'><strong>ali·</strong></span> 
     </span>
     <span class='ocr_line' id='line_1_11' title="bbox 185 1725 1175 1806; baseline -0.001 -21"><span class='ocrx_word' id='word_1_69' title='bbox 185 1728 263 1786; x_wconf 89' lang='lat' dir='ltr'><strong>unde</strong></span> <span class='ocrx_word' id='word_1_70' title='bbox 276 1728 430 1806; x_wconf 91' lang='lat' dir='ltr'><strong>potuisses)</strong></span> <span class='ocrx_word' id='word_1_71' title='bbox 445 1737 478 1785; x_wconf 88' lang='lat' dir='ltr'><strong>ut</strong></span> <span class='ocrx_word' id='word_1_72' title='bbox 491 1727 670 1804; x_wconf 82' lang='lat' dir='ltr'><strong>ignoratione</strong></span> <span class='ocrx_word' id='word_1_73' title='bbox 683 1726 734 1783; x_wconf 72' lang='lat' dir='ltr'><strong>tua</strong></span> <span class='ocrx_word' id='word_1_74' title='bbox 749 1727 785 1783; x_wconf 91' lang='lat' dir='ltr'><strong>ad</strong></span> <span class='ocrx_word' id='word_1_75' title='bbox 799 1725 923 1784; x_wconf 86' lang='lat' dir='ltr'><strong>hominis</strong></span> <span class='ocrx_word' id='word_1_76' title='bbox 942 1726 1040 1784; x_wconf 89' lang='lat' dir='ltr'><strong>miseri</strong></span> <span class='ocrx_word' id='word_1_77' title='bbox 1054 1728 1175 1785; x_wconf 86' lang='lat' dir='ltr'><strong>salutem</strong></span> 
     </span>
     <span class='ocr_line' id='line_1_12' title="bbox 187 1805 1174 1882; baseline -0.001 -18"><span class='ocrx_word' id='word_1_78' title='bbox 187 1807 336 1864; x_wconf 82' lang='lat' dir='ltr'><strong>abuterer:</strong></span> <span class='ocrx_word' id='word_1_79' title='bbox 357 1808 418 1878; x_wconf 92' lang='lat' dir='ltr'><strong>sed,</strong></span> <span class='ocrx_word' id='word_1_80' title='bbox 432 1807 579 1882; x_wconf 34' lang='lat' dir='ltr'><strong>quoniam,</strong></span> <span class='ocrx_word' id='word_1_81' title='bbox 592 1806 744 1882; x_wconf 76' lang='lat' dir='ltr'><strong>diligentia</strong></span> <span class='ocrx_word' id='word_1_82' title='bbox 768 1805 880 1863; x_wconf 89' lang='lat' dir='ltr'><strong>inimici</strong></span> <span class='ocrx_word' id='word_1_83' title='bbox 899 1805 1100 1881; x_wconf 81' lang='lat' dir='ltr'><strong>investigatum</strong></span> <span class='ocrx_word' id='word_1_84' title='bbox 1121 1817 1174 1877; x_wconf 89' lang='lat' dir='ltr'><strong>est,</strong></span> 
     </span>
     <span class='ocr_line' id='line_1_13' title="bbox 186 1883 1175 1961; baseline 0 -19"><span class='ocrx_word' id='word_1_85' title='bbox 186 1886 261 1961; x_wconf 90' lang='lat' dir='ltr'><strong>quod</strong></span> <span class='ocrx_word' id='word_1_86' title='bbox 284 1885 401 1956; x_wconf 88' lang='lat' dir='ltr'><strong>latebat,</strong></span> <span class='ocrx_word' id='word_1_87' title='bbox 428 1885 624 1945; x_wconf 83' lang='lat' dir='ltr'><strong>confitendum</strong></span> <span class='ocrx_word' id='word_1_88' title='bbox 645 1895 700 1955; x_wconf 86' lang='lat' dir='ltr'><strong>est,</strong></span> <span class='ocrx_word' id='word_1_89' title='bbox 727 1894 759 1945; x_wconf 87' lang='lat' dir='ltr'><strong>ut</strong></span> <span class='ocrx_word' id='word_1_90' title='bbox 784 1884 902 1960; x_wconf 78' lang='lat' dir='ltr'><strong>opinor3</strong></span> <span class='ocrx_word' id='word_1_91' title='bbox 929 1884 1085 1960; x_wconf 86' lang='lat' dir='ltr'><strong>praesertim</strong></span> <span class='ocrx_word' id='word_1_92' title='bbox 1106 1883 1175 1942; x_wconf 80' lang='lat' dir='ltr'><strong>edm</strong></span> 
     </span>
    </p>

    <p class='ocr_par' dir='ltr' id='par_1_9' title="bbox 136 1961 1175 2278">
     <span class='ocr_line' id='line_1_14' title="bbox 136 1961 1174 2039; baseline 0.003 -21"><span class='ocrx_word' id='word_1_93' title='bbox 136 1964 171 2018; x_wconf 90' lang='lat'><strong>10</strong></span> <span class='ocrx_word' id='word_1_94' title='bbox 185 1983 267 2021; x_wconf 89' lang='lat' dir='ltr'><strong>meus</strong></span> <span class='ocrx_word' id='word_1_95' title='bbox 280 1964 470 2034; x_wconf 89' lang='lat' dir='ltr'><strong>necessarius,</strong></span> <span class='ocrx_word' id='word_1_96' title='bbox 485 1963 520 2020; x_wconf 90' lang='lat' dir='ltr'><strong>C.</strong></span> <span class='ocrx_word' id='word_1_97' title='bbox 535 1963 640 2033; x_wconf 86' lang='lat' dir='ltr'><strong>Pansa,</strong></span> <span class='ocrx_word' id='word_1_98' title='bbox 656 1962 766 2039; x_wconf 82' lang='lat' dir='ltr'><strong>lecerit,</strong></span> <span class='ocrx_word' id='word_1_99' title='bbox 781 1970 814 2019; x_wconf 87' lang='lat' dir='ltr'><strong>ut</strong></span> <span class='ocrx_word' id='word_1_100' title='bbox 827 1963 856 2019; x_wconf 94' lang='lat' dir='ltr'><strong>id</strong></span> <span class='ocrx_word' id='word_1_101' title='bbox 874 1963 935 2037; x_wconf 88' lang='lat' dir='ltr'><strong>jam</strong></span> <span class='ocrx_word' id='word_1_102' title='bbox 953 1961 1095 2039; x_wconf 88' lang='lat' dir='ltr'><strong>integrum</strong></span> <span class='ocrx_word' id='word_1_103' title='bbox 1116 1983 1174 2021; x_wconf 89' lang='lat' dir='ltr'><strong>non</strong></span> 
     </span>
     <span class='ocr_line' id='line_1_15' title="bbox 185 2039 1174 2117; baseline 0 -17"><span class='ocrx_word' id='word_1_104' title='bbox 185 2052 276 2100; x_wconf 88' lang='lat' dir='ltr'><strong>esset:</strong></span> <span class='ocrx_word' id='word_1_105' title='bbox 296 2042 460 2117; x_wconf 80' lang='lat' dir='ltr'><strong>omissdque</strong></span> <span class='ocrx_word' id='word_1_106' title='bbox 471 2041 675 2111; x_wconf 70' lang='lat' dir='ltr'><strong>controversia,</strong></span> <span class='ocrx_word' id='word_1_107' title='bbox 685 2041 780 2098; x_wconf 88' lang='lat' dir='ltr'><strong>omnis</strong></span> <span class='ocrx_word' id='word_1_108' title='bbox 792 2040 884 2098; x_wconf 88' lang='lat' dir='ltr'><strong>oratio</strong></span> <span class='ocrx_word' id='word_1_109' title='bbox 898 2039 935 2097; x_wconf 91' lang='lat' dir='ltr'><strong>ad</strong></span> <span class='ocrx_word' id='word_1_110' title='bbox 947 2040 1174 2100; x_wconf 88' lang='lat' dir='ltr'><strong>misericordiam</strong></span> 
     </span>
     <span class='ocr_line' id='line_1_16' title="bbox 184 2116 1175 2198; baseline -0.001 -20"><span class='ocrx_word' id='word_1_111' title='bbox 184 2131 264 2178; x_wconf 87' lang='lat' dir='ltr'><strong>tuam</strong></span> <span class='ocrx_word' id='word_1_112' title='bbox 278 2119 454 2178; x_wconf 88' lang='lat' dir='ltr'><strong>conserenda</strong></span> <span class='ocrx_word' id='word_1_113' title='bbox 467 2129 530 2191; x_wconf 87' lang='lat' dir='ltr'><strong>est;</strong></span> <span class='ocrx_word' id='word_1_114' title='bbox 552 2119 610 2198; x_wconf 73' lang='lat' dir='ltr'><strong>qud</strong></span> <span class='ocrx_word' id='word_1_115' title='bbox 623 2119 741 2196; x_wconf 86' lang='lat' dir='ltr'><strong>plurimi</strong></span> <span class='ocrx_word' id='word_1_116' title='bbox 754 2129 823 2177; x_wconf 90' lang='lat' dir='ltr'><strong>sunt</strong></span> <span class='ocrx_word' id='word_1_117' title='bbox 842 2118 1012 2188; x_wconf 85' lang='lat' dir='ltr'><strong>conservati,</strong></span> <span class='ocrx_word' id='word_1_118' title='bbox 1026 2116 1094 2176; x_wconf 80' lang='lat' dir='ltr'><strong>cdm</strong></span> <span class='ocrx_word' id='word_1_119' title='bbox 1109 2138 1126 2176; x_wconf 91' lang='lat' dir='ltr'><strong>a</strong></span> <span class='ocrx_word' id='word_1_120' title='bbox 1145 2131 1175 2178; x_wconf 88' lang='lat' dir='ltr'><strong>te</strong></span> 
     </span>
     <span class='ocr_line' id='line_1_17' title="bbox 185 2198 1143 2278; baseline -0.005 -19"><span class='ocrx_word' id='word_1_121' title='bbox 185 2219 242 2259; x_wconf 93' lang='lat' dir='ltr'><strong>non</strong></span> <span class='ocrx_word' id='word_1_122' title='bbox 256 2200 457 2269; x_wconf 78' lang='lat' dir='ltr'><strong>liberationem</strong></span> <span class='ocrx_word' id='word_1_123' title='bbox 470 2200 572 2278; x_wconf 79' lang='lat' dir='ltr'><strong>culpe,</strong></span> <span class='ocrx_word' id='word_1_124' title='bbox 585 2199 637 2257; x_wconf 91' lang='lat' dir='ltr'><strong>sed</strong></span> <span class='ocrx_word' id='word_1_125' title='bbox 651 2199 738 2259; x_wconf 88' lang='lat' dir='ltr'><strong>errati</strong></span> <span class='ocrx_word' id='word_1_126' title='bbox 751 2199 876 2269; x_wconf 85' lang='lat' dir='ltr'><strong>reniam,</strong></span> <span class='ocrx_word' id='word_1_127' title='bbox 891 2198 1143 2274; x_wconf 56' lang='lat' dir='ltr'><strong>impetravissent&gt;</strong></span> 
     </span>
    </p>

    <p class='ocr_par' dir='ltr' id='par_1_10' title="bbox 223 2275 1209 2357">
     <span class='ocr_line' id='line_1_18' title="bbox 223 2275 1209 2357; baseline -0.002 -21"><span class='ocrx_word' id='word_1_128' title='bbox 223 2278 325 2336; x_wconf 89' lang='lat' dir='ltr'><strong>Habes</strong></span> <span class='ocrx_word' id='word_1_129' title='bbox 338 2278 435 2357; x_wconf 86' lang='lat' dir='ltr'><strong>igitur,</strong></span> <span class='ocrx_word' id='word_1_130' title='bbox 450 2278 579 2351; x_wconf 82' lang='lat' dir='ltr'><strong>Tubero,</strong></span> <span class='ocrx_word' id='word_1_131' title='bbox 596 2279 686 2355; x_wconf 92' lang='lat' dir='ltr'><strong>(quod</strong></span> <span class='ocrx_word' id='word_1_132' title='bbox 700 2288 744 2335; x_wconf 89' lang='lat' dir='ltr'><strong>est</strong></span> <span class='ocrx_word' id='word_1_133' title='bbox 763 2276 925 2336; x_wconf 85' lang='lat' dir='ltr'><strong>accusatori</strong></span> <span class='ocrx_word' id='word_1_134' title='bbox 938 2275 1063 2333; x_wconf 75' lang='lat' dir='ltr'><strong>maxime</strong></span> <span class='ocrx_word' id='word_1_135' title='bbox 1077 2287 1175 2352; x_wconf 90' lang='lat' dir='ltr'><strong>optan-</strong></span> <span class='ocrx_word' id='word_1_136' title='bbox 1207 2341 1209 2344; x_wconf 79' lang='lat'><em>.</em></span> 
     </span>
    </p>

    <p class='ocr_par' dir='ltr' id='par_1_11' title="bbox 135 2354 1213 2670">
     <span class='ocr_line' id='line_1_19' title="bbox 135 2354 1174 2437; baseline -0.001 -23"><span class='ocrx_word' id='word_1_137' title='bbox 135 2354 170 2408; x_wconf 83' lang='lat'><strong>15</strong></span> <span class='ocrx_word' id='word_1_138' title='bbox 183 2357 267 2437; x_wconf 80' lang='lat' dir='ltr'><strong>dum)</strong></span> <span class='ocrx_word' id='word_1_139' title='bbox 282 2357 468 2415; x_wconf 88' lang='lat' dir='ltr'><strong>confitentem</strong></span> <span class='ocrx_word' id='word_1_140' title='bbox 481 2377 573 2429; x_wconf 86' lang='lat' dir='ltr'><strong>reum,</strong></span> <span class='ocrx_word' id='word_1_141' title='bbox 587 2358 639 2415; x_wconf 89' lang='lat' dir='ltr'><strong>sed</strong></span> <span class='ocrx_word' id='word_1_142' title='bbox 651 2367 750 2415; x_wconf 87' lang='lat' dir='ltr'><strong>tamen</strong></span> <span class='ocrx_word' id='word_1_143' title='bbox 764 2357 805 2414; x_wconf 88' lang='lat' dir='ltr'><strong>ita</strong></span> <span class='ocrx_word' id='word_1_144' title='bbox 826 2355 1021 2425; x_wconf 81' lang='lat' dir='ltr'><strong>confitentem,</strong></span> <span class='ocrx_word' id='word_1_145' title='bbox 1035 2375 1067 2412; x_wconf 86' lang='lat' dir='ltr'><strong>se</strong></span> <span class='ocrx_word' id='word_1_146' title='bbox 1088 2356 1117 2413; x_wconf 86' lang='lat' dir='ltr'><strong>in</strong></span> <span class='ocrx_word' id='word_1_147' title='bbox 1138 2356 1174 2413; x_wconf 73' lang='lat' dir='ltr'><strong>ed</strong></span> 
     </span>
     <span class='ocr_line' id='line_1_20' title="bbox 182 2433 1213 2511; baseline 0 -19"><span class='ocrx_word' id='word_1_148' title='bbox 182 2447 264 2511; x_wconf 90' lang='lat' dir='ltr'><strong>parte</strong></span> <span class='ocrx_word' id='word_1_149' title='bbox 275 2435 373 2505; x_wconf 84' lang='lat' dir='ltr'><strong>lirisse,</strong></span> <span class='ocrx_word' id='word_1_150' title='bbox 387 2436 444 2511; x_wconf 74' lang='lat' dir='ltr'><strong>qud</strong></span> <span class='ocrx_word' id='word_1_151' title='bbox 457 2446 497 2505; x_wconf 87' lang='lat' dir='ltr'><strong>te,</strong></span> <span class='ocrx_word' id='word_1_152' title='bbox 511 2435 641 2505; x_wconf 88' lang='lat' dir='ltr'><strong>Tubero,</strong></span> <span class='ocrx_word' id='word_1_153' title='bbox 656 2435 713 2510; x_wconf 71' lang='lat' dir='ltr'><strong>quia</strong></span> <span class='ocrx_word' id='word_1_154' title='bbox 727 2435 819 2493; x_wconf 85' lang='lat' dir='ltr'><strong>virum</strong></span> <span class='ocrx_word' id='word_1_155' title='bbox 841 2434 920 2495; x_wconf 90' lang='lat' dir='ltr'><strong>omni</strong></span> <span class='ocrx_word' id='word_1_156' title='bbox 943 2433 1029 2492; x_wconf 90' lang='lat' dir='ltr'><strong>laude</strong></span> <span class='ocrx_word' id='word_1_157' title='bbox 1042 2434 1173 2510; x_wconf 85' lang='lat' dir='ltr'><strong>dignum,</strong></span> <span class='ocrx_word' id='word_1_158' title='bbox 1212 2496 1213 2499; x_wconf 49' lang='lat'><strong>,</strong></span> 
     </span>
     <span class='ocr_line' id='line_1_21' title="bbox 183 2511 1172 2590; baseline 0.003 -20"><span class='ocrx_word' id='word_1_159' title='bbox 183 2523 294 2590; x_wconf 85' lang='lat' dir='ltr'><strong>patrem</strong></span> <span class='ocrx_word' id='word_1_160' title='bbox 309 2523 401 2571; x_wconf 90' lang='lat' dir='ltr'><strong>tuum.</strong></span> <span class='ocrx_word' id='word_1_161' title='bbox 442 2512 488 2570; x_wconf 86' lang='lat' dir='ltr'><strong>Ita</strong></span> <span class='ocrx_word' id='word_1_162' title='bbox 507 2530 545 2575; x_wconf 85' lang='lat' dir='ltr'><strong>ue</strong></span> <span class='ocrx_word' id='word_1_163' title='bbox 564 2511 647 2589; x_wconf 81' lang='lat' dir='ltr'><strong>pride</strong></span> <span class='ocrx_word' id='word_1_164' title='bbox 671 2514 708 2571; x_wconf 88' lang='lat' dir='ltr'><strong>de</strong></span> <span class='ocrx_word' id='word_1_165' title='bbox 731 2526 825 2573; x_wconf 84' lang='lat' dir='ltr'><strong>restro</strong></span> <span class='ocrx_word' id='word_1_166' title='bbox 847 2516 954 2573; x_wconf 89' lang='lat' dir='ltr'><strong>delicto</strong></span> <span class='ocrx_word' id='word_1_167' title='bbox 967 2512 1172 2579; x_wconf 84' lang='lat' dir='ltr'><strong>confiteamini.</strong></span> 
     </span>
     <span class='ocr_line' id='line_1_22' title="bbox 183 2533 1119 2670; baseline 0.001 -20"><span class='ocrx_word' id='word_1_168' title='bbox 183 2610 305 2650; x_wconf 85' lang='lat' dir='ltr'><strong>necesse</strong></span> <span class='ocrx_word' id='word_1_169' title='bbox 318 2603 371 2663; x_wconf 89' lang='lat' dir='ltr'><strong>est,</strong></span> <span class='ocrx_word' id='word_1_170' title='bbox 385 2590 472 2668; x_wconf 76' lang='lat' dir='ltr'><strong>qudnr</strong></span> <span class='ocrx_word' id='word_1_171' title='bbox 486 2533 597 2668; x_wconf 58' lang='lat' dir='ltr'><strong>ligurii</strong></span> <span class='ocrx_word' id='word_1_172' title='bbox 611 2591 699 2650; x_wconf 90' lang='lat' dir='ltr'><strong>ullam</strong></span> <span class='ocrx_word' id='word_1_173' title='bbox 714 2594 828 2670; x_wconf 90' lang='lat' dir='ltr'><strong>culpam</strong></span> <span class='ocrx_word' id='word_1_174' title='bbox 842 2594 1066 2670; x_wconf 89' lang='lat' dir='ltr'><strong>reprehendatis.</strong></span> <span class='ocrx_word' id='word_1_175' title='bbox 1113 2634 1119 2643; x_wconf 42' lang='grc' dir='ltr'>ι</span> 
     </span>
    </p>

    <p class='ocr_par' dir='ltr' id='par_1_12' title="bbox 223 2669 1173 2751">
     <span class='ocr_line' id='line_1_23' title="bbox 223 2669 1173 2751; baseline -0.001 -20"><span class='ocrx_word' id='word_1_176' title='bbox 223 2670 264 2731; x_wconf 78' lang='lat' dir='ltr'><strong>Q.</strong></span> <span class='ocrx_word' id='word_1_177' title='bbox 285 2671 363 2727; x_wconf 91' lang='lat' dir='ltr'><strong>enim</strong></span> <span class='ocrx_word' id='word_1_178' title='bbox 384 2671 528 2748; x_wconf 88' lang='lat' dir='ltr'><strong>Ligarius,</strong></span> <span class='ocrx_word' id='word_1_179' title='bbox 550 2669 619 2728; x_wconf 78' lang='lat' dir='ltr'><strong>crim</strong></span> <span class='ocrx_word' id='word_1_180' title='bbox 638 2683 716 2729; x_wconf 84' lang='lat' dir='ltr'><strong>esset</strong></span> <span class='ocrx_word' id='word_1_181' title='bbox 736 2674 832 2731; x_wconf 88' lang='lat' dir='ltr'><strong>adhuc</strong></span> <span class='ocrx_word' id='word_1_182' title='bbox 851 2673 931 2730; x_wconf 89' lang='lat' dir='ltr'><strong>nulla</strong></span> <span class='ocrx_word' id='word_1_183' title='bbox 951 2673 1018 2730; x_wconf 90' lang='lat' dir='ltr'><strong>belli</strong></span> <span class='ocrx_word' id='word_1_184' title='bbox 1038 2673 1173 2751; x_wconf 89' lang='lat' dir='ltr'><strong>suspicio,</strong></span> 
     </span>
    </p>

    <p class='ocr_par' dir='ltr' id='par_1_13' title="bbox 133 2744 1174 3145">
     <span class='ocr_line' id='line_1_24' title="bbox 133 2744 1173 2828; baseline 0.003 -20"><span class='ocrx_word' id='word_1_185' title='bbox 133 2753 170 2808; x_wconf 70' lang='lat'><strong>20</strong></span> <span class='ocrx_word' id='word_1_186' title='bbox 184 2748 297 2825; x_wconf 90' lang='lat' dir='ltr'><strong>legatus</strong></span> <span class='ocrx_word' id='word_1_187' title='bbox 319 2749 349 2809; x_wconf 87' lang='lat' dir='ltr'><strong>in</strong></span> <span class='ocrx_word' id='word_1_188' title='bbox 373 2749 504 2807; x_wconf 87' lang='lat' dir='ltr'><strong>Africam</strong></span> <span class='ocrx_word' id='word_1_189' title='bbox 526 2768 593 2808; x_wconf 87' lang='lat' dir='ltr'><strong>cum</strong></span> <span class='ocrx_word' id='word_1_190' title='bbox 614 2748 650 2807; x_wconf 75' lang='grc'><strong>0.</strong></span> <span class='ocrx_word' id='word_1_191' title='bbox 666 2751 805 2809; x_wconf 86' lang='lat' dir='ltr'><strong>Considio</strong></span> <span class='ocrx_word' id='word_1_192' title='bbox 824 2744 968 2828; x_wconf 64' lang='lat' dir='ltr'><strong>prefectus</strong></span> <span class='ocrx_word' id='word_1_193' title='bbox 982 2762 1045 2808; x_wconf 88' lang='lat' dir='ltr'><strong>est:</strong></span> <span class='ocrx_word' id='word_1_194' title='bbox 1065 2752 1122 2825; x_wconf 74' lang='lat' dir='ltr'><strong>qud</strong></span> <span class='ocrx_word' id='word_1_195' title='bbox 1143 2752 1173 2811; x_wconf 87' lang='lat' dir='ltr'><strong>in</strong></span> 
     </span>
     <span class='ocr_line' id='line_1_25' title="bbox 183 2827 1174 2906; baseline 0.001 -21"><span class='ocrx_word' id='word_1_196' title='bbox 183 2827 339 2904; x_wconf 85' lang='lat' dir='ltr'><strong>legatione,</strong></span> <span class='ocrx_word' id='word_1_197' title='bbox 361 2839 391 2886; x_wconf 89' lang='lat' dir='ltr'><strong>et</strong></span> <span class='ocrx_word' id='word_1_198' title='bbox 413 2829 525 2886; x_wconf 82' lang='lat' dir='ltr'><strong>civibus</strong></span> <span class='ocrx_word' id='word_1_199' title='bbox 548 2839 577 2887; x_wconf 89' lang='lat' dir='ltr'><strong>et</strong></span> <span class='ocrx_word' id='word_1_200' title='bbox 599 2829 687 2887; x_wconf 78' lang='lat' dir='ltr'><strong>sociis</strong></span> <span class='ocrx_word' id='word_1_201' title='bbox 707 2830 748 2887; x_wconf 89' lang='lat' dir='ltr'><strong>ita</strong></span> <span class='ocrx_word' id='word_1_202' title='bbox 767 2850 798 2888; x_wconf 85' lang='lat' dir='ltr'><strong>se</strong></span> <span class='ocrx_word' id='word_1_203' title='bbox 818 2831 956 2906; x_wconf 89' lang='lat' dir='ltr'><strong>probavit,</strong></span> <span class='ocrx_word' id='word_1_204' title='bbox 977 2840 1009 2887; x_wconf 92' lang='lat' dir='ltr'><strong>ut</strong></span> <span class='ocrx_word' id='word_1_205' title='bbox 1029 2830 1174 2889; x_wconf 85' lang='lat' dir='ltr'><strong>decedens</strong></span> 
     </span>
     <span class='ocr_line' id='line_1_26' title="bbox 184 2906 1172 2986; baseline 0.001 -22"><span class='ocrx_word' id='word_1_206' title='bbox 184 2906 341 2965; x_wconf 88' lang='lat' dir='ltr'><strong>Considius</strong></span> <span class='ocrx_word' id='word_1_207' title='bbox 372 2908 521 2984; x_wconf 72' lang='lat' dir='ltr'><strong>provincial</strong></span> <span class='ocrx_word' id='word_1_208' title='bbox 548 2908 715 2966; x_wconf 83' lang='lat' dir='ltr'><strong>satisfac-ere</strong></span> <span class='ocrx_word' id='word_1_209' title='bbox 749 2909 913 2967; x_wconf 90' lang='lat' dir='ltr'><strong>hominibus</strong></span> <span class='ocrx_word' id='word_1_210' title='bbox 940 2930 997 2968; x_wconf 89' lang='lat' dir='ltr'><strong>non</strong></span> <span class='ocrx_word' id='word_1_211' title='bbox 1023 2919 1127 2986; x_wconf 87' lang='lat' dir='ltr'><strong>posset,</strong></span> <span class='ocrx_word' id='word_1_212' title='bbox 1148 2908 1172 2965; x_wconf 93' lang='lat' dir='ltr'><strong>si</strong></span> 
     </span>
     <span class='ocr_line' id='line_1_27' title="bbox 185 2987 1173 3064; baseline -0.001 -20"><span class='ocrx_word' id='word_1_213' title='bbox 185 3005 347 3063; x_wconf 87' lang='lat' dir='ltr'><strong>quenquam</strong></span> <span class='ocrx_word' id='word_1_214' title='bbox 363 2987 451 3044; x_wconf 89' lang='lat' dir='ltr'><strong>alium</strong></span> <span class='ocrx_word' id='word_1_215' title='bbox 464 2987 618 3063; x_wconf 80' lang='lat' dir='ltr'><strong>provinciae</strong></span> <span class='ocrx_word' id='word_1_216' title='bbox 631 2987 816 3063; x_wconf 75' lang='lat' dir='ltr'><strong>prefecisset.</strong></span> <span class='ocrx_word' id='word_1_217' title='bbox 857 2987 961 3062; x_wconf 91' lang='lat' dir='ltr'><strong>Itaque</strong></span> <span class='ocrx_word' id='word_1_218' title='bbox 983 2988 1023 3049; x_wconf 78' lang='lat' dir='ltr'><strong>Q.</strong></span> <span class='ocrx_word' id='word_1_219' title='bbox 1040 2987 1173 3064; x_wconf 87' lang='lat' dir='ltr'><strong>Ligarius</strong></span> 
     </span>
     <span class='ocr_line' id='line_1_28' title="bbox 185 3063 1173 3145; baseline -0.003 -21"><span class='ocrx_word' id='word_1_220' title='bbox 185 3063 279 3142; x_wconf 81' lang='lat' dir='ltr'><strong>(edm,</strong></span> <span class='ocrx_word' id='word_1_221' title='bbox 306 3066 357 3123; x_wconf 92' lang='lat' dir='ltr'><strong>diu</strong></span> <span class='ocrx_word' id='word_1_222' title='bbox 383 3085 531 3137; x_wconf 85' lang='lat' dir='ltr'><strong>recusans,</strong></span> <span class='ocrx_word' id='word_1_223' title='bbox 557 3066 629 3124; x_wconf 87' lang='lat' dir='ltr'><strong>nihil</strong></span> <span class='ocrx_word' id='word_1_224' title='bbox 655 3065 836 3145; x_wconf 80' lang='lat' dir='ltr'><strong>profecisset)</strong></span> <span class='ocrx_word' id='word_1_225' title='bbox 864 3067 1040 3143; x_wconf 85' lang='lat' dir='ltr'><strong>provinciam</strong></span> <span class='ocrx_word' id='word_1_226' title='bbox 1062 3066 1173 3141; x_wconf 90' lang='lat' dir='ltr'><strong>accepit</strong></span> 
     </span>
    </p>

    <p class='ocr_par' dir='ltr' id='par_1_14' title="bbox 96 3145 1188 3536">
     <span class='ocr_line' id='line_1_29' title="bbox 96 3145 1174 3222; baseline 0 -21"><span class='ocrx_word' id='word_1_227' title='bbox 96 3216 99 3221; x_wconf 10' lang='grc' dir='ltr'><strong><em>ἢ</em></strong></span> <span class='ocrx_word' id='word_1_228' title='bbox 133 3147 169 3201; x_wconf 79' lang='lat'><strong>25</strong></span> <span class='ocrx_word' id='word_1_229' title='bbox 185 3146 309 3205; x_wconf 87' lang='lat' dir='ltr'><strong>inritus:</strong></span> <span class='ocrx_word' id='word_1_230' title='bbox 330 3146 379 3205; x_wconf 91' lang='lat' dir='ltr'><strong>cui</strong></span> <span class='ocrx_word' id='word_1_231' title='bbox 393 3146 437 3204; x_wconf 88' lang='lat' dir='ltr'><strong>sic</strong></span> <span class='ocrx_word' id='word_1_232' title='bbox 449 3146 562 3222; x_wconf 80' lang='lat' dir='ltr'><strong>praefuit</strong></span> <span class='ocrx_word' id='word_1_233' title='bbox 576 3145 606 3203; x_wconf 92' lang='lat' dir='ltr'><strong>in</strong></span> <span class='ocrx_word' id='word_1_234' title='bbox 623 3164 706 3221; x_wconf 87' lang='lat' dir='ltr'><strong>pace,</strong></span> <span class='ocrx_word' id='word_1_235' title='bbox 721 3155 754 3202; x_wconf 89' lang='lat' dir='ltr'><strong>ut</strong></span> <span class='ocrx_word' id='word_1_236' title='bbox 766 3155 795 3202; x_wconf 89' lang='lat' dir='ltr'><strong>et</strong></span> <span class='ocrx_word' id='word_1_237' title='bbox 818 3145 930 3202; x_wconf 85' lang='lat' dir='ltr'><strong>civibus</strong></span> <span class='ocrx_word' id='word_1_238' title='bbox 953 3157 983 3203; x_wconf 90' lang='lat' dir='ltr'><strong>et</strong></span> <span class='ocrx_word' id='word_1_239' title='bbox 1005 3146 1091 3204; x_wconf 87' lang='lat' dir='ltr'><strong>sociis</strong></span> <span class='ocrx_word' id='word_1_240' title='bbox 1111 3163 1174 3221; x_wconf 87' lang='lat' dir='ltr'><strong>gra·</strong></span> 
     </span>
     <span class='ocr_line' id='line_1_30' title="bbox 183 3224 1188 3302; baseline -0.002 -21"><span class='ocrx_word' id='word_1_241' title='bbox 183 3226 295 3284; x_wconf 89' lang='lat' dir='ltr'><strong>tissima</strong></span> <span class='ocrx_word' id='word_1_242' title='bbox 308 3236 384 3283; x_wconf 89' lang='lat' dir='ltr'><strong>esset</strong></span> <span class='ocrx_word' id='word_1_243' title='bbox 397 3225 459 3300; x_wconf 88' lang='lat' dir='ltr'><strong>ejus</strong></span> <span class='ocrx_word' id='word_1_244' title='bbox 474 3224 623 3302; x_wconf 88' lang='lat' dir='ltr'><strong>integritas</strong></span> <span class='ocrx_word' id='word_1_245' title='bbox 637 3234 672 3281; x_wconf 85' lang='lat' dir='ltr'><strong>et</strong></span> <span class='ocrx_word' id='word_1_246' title='bbox 680 3224 759 3282; x_wconf 88' lang='lat' dir='ltr'><strong>fides.</strong></span> <span class='ocrx_word' id='word_1_247' title='bbox 792 3224 915 3282; x_wconf 77' lang='lat' dir='ltr'><strong>-Bellum</strong></span> <span class='ocrx_word' id='word_1_248' title='bbox 929 3224 1024 3282; x_wconf 83' lang='lat' dir='ltr'><strong>subitd</strong></span> <span class='ocrx_word' id='word_1_249' title='bbox 1049 3224 1171 3292; x_wconf 82' lang='lat' dir='ltr'><strong>exarsit3</strong></span> <span class='ocrx_word' id='word_1_250' title='bbox 1186 3286 1188 3289; x_wconf 13' lang='lat' dir='ltr'>v</span> 
     </span>
     <span class='ocr_line' id='line_1_31' title="bbox 184 3301 1172 3380; baseline -0.002 -20"><span class='ocrx_word' id='word_1_251' title='bbox 184 3302 269 3378; x_wconf 87' lang='lat' dir='ltr'><strong>qued,</strong></span> <span class='ocrx_word' id='word_1_252' title='bbox 284 3304 332 3380; x_wconf 90' lang='lat' dir='ltr'><strong>qui</strong></span> <span class='ocrx_word' id='word_1_253' title='bbox 347 3314 429 3360; x_wconf 91' lang='lat' dir='ltr'><strong>erant</strong></span> <span class='ocrx_word' id='word_1_254' title='bbox 443 3303 472 3360; x_wconf 93' lang='lat' dir='ltr'><strong>in</strong></span> <span class='ocrx_word' id='word_1_255' title='bbox 488 3303 601 3374; x_wconf 71' lang='lat' dir='ltr'><strong>Africa,</strong></span> <span class='ocrx_word' id='word_1_256' title='bbox 616 3301 683 3360; x_wconf 71' lang='lat' dir='ltr'><strong>ante</strong></span> <span class='ocrx_word' id='word_1_257' title='bbox 698 3303 852 3361; x_wconf 89' lang='lat' dir='ltr'><strong>audierunt</strong></span> <span class='ocrx_word' id='word_1_258' title='bbox 874 3303 946 3380; x_wconf 85' lang='lat' dir='ltr'><strong>geri,</strong></span> <span class='ocrx_word' id='word_1_259' title='bbox 961 3301 1048 3378; x_wconf 76' lang='lat' dir='ltr'><strong>quam</strong></span> <span class='ocrx_word' id='word_1_260' title='bbox 1069 3302 1172 3377; x_wconf 86' lang='lat' dir='ltr'><strong>parari.</strong></span> 
     </span>
     <span class='ocr_line' id='line_1_32' title="bbox 183 3380 1175 3458; baseline 0.002 -22"><span class='ocrx_word' id='word_1_261' title='bbox 183 3380 254 3445; x_wconf 77' lang='lat' dir='ltr'><strong>Quo</strong></span> <span class='ocrx_word' id='word_1_262' title='bbox 281 3381 388 3451; x_wconf 85' lang='lat' dir='ltr'><strong>audito,</strong></span> <span class='ocrx_word' id='word_1_263' title='bbox 410 3382 514 3457; x_wconf 90' lang='lat' dir='ltr'><strong>partim</strong></span> <span class='ocrx_word' id='word_1_264' title='bbox 536 3382 694 3458; x_wconf 88' lang='lat' dir='ltr'><strong>cupiditate</strong></span> <span class='ocrx_word' id='word_1_265' title='bbox 718 3381 940 3450; x_wconf 70' lang='lat' dir='ltr'><strong>inconsiderata,</strong></span> <span class='ocrx_word' id='word_1_266' title='bbox 963 3380 1067 3455; x_wconf 90' lang='lat' dir='ltr'><strong>partim</strong></span> <span class='ocrx_word' id='word_1_267' title='bbox 1096 3400 1175 3438; x_wconf 72' lang='lat' dir='ltr'><strong>caeco</strong></span> 
     </span>
     <span class='ocr_line' id='line_1_33' title="bbox 181 3456 1175 3536; baseline -0.002 -21"><span class='ocrx_word' id='word_1_268' title='bbox 181 3456 308 3532; x_wconf 77' lang='lat' dir='ltr'><strong>qubddm</strong></span> <span class='ocrx_word' id='word_1_269' title='bbox 321 3459 432 3529; x_wconf 88' lang='lat' dir='ltr'><strong>timore,</strong></span> <span class='ocrx_word' id='word_1_270' title='bbox 446 3458 539 3536; x_wconf 81' lang='lat' dir='ltr'><strong>primd</strong></span> <span class='ocrx_word' id='word_1_271' title='bbox 563 3461 676 3531; x_wconf 79' lang='lat' dir='ltr'><strong>salutis,</strong></span> <span class='ocrx_word' id='word_1_272' title='bbox 696 3459 761 3536; x_wconf 82' lang='lat' dir='ltr'><strong>pdst</strong></span> <span class='ocrx_word' id='word_1_273' title='bbox 784 3459 870 3517; x_wconf 89' lang='lat' dir='ltr'><strong>etiam</strong></span> <span class='ocrx_word' id='word_1_274' title='bbox 889 3457 976 3514; x_wconf 91' lang='lat' dir='ltr'><strong>studii</strong></span> <span class='ocrx_word' id='word_1_275' title='bbox 990 3457 1045 3525; x_wconf 88' lang='lat' dir='ltr'><strong>sui,</strong></span> <span class='ocrx_word' id='word_1_276' title='bbox 1067 3474 1175 3529; x_wconf 74' lang='lat' dir='ltr'><strong>qurere-</strong></span> 
     </span>
    </p>

    <p class='ocr_par' dir='ltr' id='par_1_15' title="bbox 134 3535 1174 3930">
     <span class='ocr_line' id='line_1_34' title="bbox 134 3535 1174 3616; baseline 0.002 -26"><span class='ocrx_word' id='word_1_277' title='bbox 134 3535 171 3590; x_wconf 86' lang='grc'><strong>30</strong></span> <span class='ocrx_word' id='word_1_278' title='bbox 185 3538 255 3595; x_wconf 83' lang='lat' dir='ltr'><strong>bant</strong></span> <span class='ocrx_word' id='word_1_279' title='bbox 268 3536 391 3612; x_wconf 90' lang='lat' dir='ltr'><strong>aliquem</strong></span> <span class='ocrx_word' id='word_1_280' title='bbox 405 3537 527 3596; x_wconf 86' lang='lat' dir='ltr'><strong>ducem:</strong></span> <span class='ocrx_word' id='word_1_281' title='bbox 548 3536 616 3596; x_wconf 77' lang='lat' dir='ltr'><strong>cum</strong></span> <span class='ocrx_word' id='word_1_282' title='bbox 630 3538 774 3616; x_wconf 81' lang='lat' dir='ltr'><strong>Ligarius,</strong></span> <span class='ocrx_word' id='word_1_283' title='bbox 789 3537 904 3594; x_wconf 88' lang='lat' dir='ltr'><strong>domum</strong></span> <span class='ocrx_word' id='word_1_284' title='bbox 926 3543 1069 3611; x_wconf 87' lang='lat' dir='ltr'><strong>spectans,</strong></span> <span class='ocrx_word' id='word_1_285' title='bbox 1084 3544 1113 3591; x_wconf 90' lang='lat' dir='ltr'><strong>et</strong></span> <span class='ocrx_word' id='word_1_286' title='bbox 1137 3536 1174 3593; x_wconf 92' lang='lat' dir='ltr'><strong>ad</strong></span> 
     </span>
     <span class='ocr_line' id='line_1_35' title="bbox 185 3614 1172 3692; baseline -0.003 -18"><span class='ocrx_word' id='word_1_287' title='bbox 185 3635 250 3674; x_wconf 88' lang='lat' dir='ltr'><strong>suos</strong></span> <span class='ocrx_word' id='word_1_288' title='bbox 269 3615 364 3673; x_wconf 89' lang='lat' dir='ltr'><strong>redire</strong></span> <span class='ocrx_word' id='word_1_289' title='bbox 388 3616 517 3692; x_wconf 90' lang='lat' dir='ltr'><strong>cupiens,</strong></span> <span class='ocrx_word' id='word_1_290' title='bbox 543 3617 623 3675; x_wconf 90' lang='lat' dir='ltr'><strong>nullo</strong></span> <span class='ocrx_word' id='word_1_291' title='bbox 642 3638 674 3675; x_wconf 90' lang='lat' dir='ltr'><strong>se</strong></span> <span class='ocrx_word' id='word_1_292' title='bbox 701 3615 842 3692; x_wconf 87' lang='lat' dir='ltr'><strong>implicari</strong></span> <span class='ocrx_word' id='word_1_293' title='bbox 865 3614 983 3692; x_wconf 88' lang='lat' dir='ltr'><strong>negotio</strong></span> <span class='ocrx_word' id='word_1_294' title='bbox 1000 3632 1101 3689; x_wconf 90' lang='lat' dir='ltr'><strong>passus</strong></span> <span class='ocrx_word' id='word_1_295' title='bbox 1120 3624 1172 3671; x_wconf 88' lang='lat' dir='ltr'><strong>est.</strong></span> 
     </span>
     <span class='ocr_line' id='line_1_36' title="bbox 186 3693 1173 3772; baseline -0.004 -18"><span class='ocrx_word' id='word_1_296' title='bbox 186 3695 305 3754; x_wconf 87' lang='lat' dir='ltr'><strong>Interim</strong></span> <span class='ocrx_word' id='word_1_297' title='bbox 334 3694 367 3753; x_wconf 88' lang='lat' dir='ltr'><strong>P.</strong></span> <span class='ocrx_word' id='word_1_298' title='bbox 389 3695 487 3753; x_wconf 86' lang='lat' dir='ltr'><strong>Attius</strong></span> <span class='ocrx_word' id='word_1_299' title='bbox 516 3696 622 3767; x_wconf 88' lang='lat' dir='ltr'><strong>Varus,</strong></span> <span class='ocrx_word' id='word_1_300' title='bbox 642 3695 692 3772; x_wconf 93' lang='lat' dir='ltr'><strong>qui</strong></span> <span class='ocrx_word' id='word_1_301' title='bbox 718 3707 820 3772; x_wconf 76' lang='lat' dir='ltr'><strong>praetor</strong></span> <span class='ocrx_word' id='word_1_302' title='bbox 840 3694 973 3753; x_wconf 85' lang='lat' dir='ltr'><strong>Africam</strong></span> <span class='ocrx_word' id='word_1_303' title='bbox 999 3693 1173 3765; x_wconf 90' lang='lat' dir='ltr'><strong>obtinuerat,</strong></span> 
     </span>
     <span class='ocr_line' id='line_1_37' title="bbox 187 3768 1174 3849; baseline -0.001 -17"><span class='ocrx_word' id='word_1_304' title='bbox 187 3775 301 3833; x_wconf 89' lang='lat' dir='ltr'><strong>Uticam</strong></span> <span class='ocrx_word' id='word_1_305' title='bbox 327 3774 424 3843; x_wconf 82' lang='lat' dir='ltr'><strong>venit:</strong></span> <span class='ocrx_word' id='word_1_306' title='bbox 446 3774 482 3839; x_wconf 87' lang='lat' dir='ltr'><strong>ad</strong></span> <span class='ocrx_word' id='word_1_307' title='bbox 504 3793 571 3832; x_wconf 89' lang='lat' dir='ltr'><strong>eum</strong></span> <span class='ocrx_word' id='word_1_308' title='bbox 592 3776 689 3833; x_wconf 89' lang='lat' dir='ltr'><strong>statim</strong></span> <span class='ocrx_word' id='word_1_309' title='bbox 709 3768 883 3833; x_wconf 70' lang='lat' dir='ltr'><strong>condurdum</strong></span> <span class='ocrx_word' id='word_1_310' title='bbox 903 3785 956 3833; x_wconf 81' lang='lat' dir='ltr'><strong>est</strong></span> <span class='ocrx_word' id='word_1_311' title='bbox 1006 3774 1106 3849; x_wconf 87' lang='lat' dir='ltr'><strong>Atque</strong></span> <span class='ocrx_word' id='word_1_312' title='bbox 1126 3773 1174 3832; x_wconf 89' lang='lat' dir='ltr'><strong>ille</strong></span> 
     </span>
     <span class='ocr_line' id='line_1_38' title="bbox 184 3848 1173 3930; baseline -0.003 -19"><span class='ocrx_word' id='word_1_313' title='bbox 184 3873 242 3911; x_wconf 92' lang='lat' dir='ltr'><strong>non</strong></span> <span class='ocrx_word' id='word_1_314' title='bbox 255 3848 561 3928; x_wconf 71' lang='lat' dir='ltr'><strong>&#39;tnedrodri‘dtlpiditate</strong></span> <span class='ocrx_word' id='word_1_315' title='bbox 576 3853 695 3929; x_wconf 88' lang='lat' dir='ltr'><strong>arripuit</strong></span> <span class='ocrx_word' id='word_1_316' title='bbox 709 3853 870 3930; x_wconf 87' lang='lat' dir='ltr'><strong>imperium,</strong></span> <span class='ocrx_word' id='word_1_317' title='bbox 884 3853 908 3911; x_wconf 93' lang='lat' dir='ltr'><strong>si</strong></span> <span class='ocrx_word' id='word_1_318' title='bbox 930 3853 1002 3911; x_wconf 89' lang='lat' dir='ltr'><strong>illud</strong></span> <span class='ocrx_word' id='word_1_319' title='bbox 1023 3853 1173 3930; x_wconf 82' lang='lat' dir='ltr'><strong>imperium</strong></span> 
     </span>
    </p>

    <p class='ocr_par' dir='ltr' id='par_1_16' title="bbox 134 3918 1280 4008">
     <span class='ocr_line' id='line_1_39' title="bbox 134 3918 1280 4008; baseline -0.004 -18"><span class='ocrx_word' id='word_1_320' title='bbox 134 3936 171 3990; x_wconf 76' lang='lat'><strong>35</strong></span> <span class='ocrx_word' id='word_1_321' title='bbox 185 3951 248 3988; x_wconf 87' lang='lat' dir='ltr'><strong>esse</strong></span> <span class='ocrx_word' id='word_1_322' title='bbox 260 3918 361 4008; x_wconf 84' lang='lat' dir='ltr'><strong>potuit,</strong></span> <span class='ocrx_word' id='word_1_323' title='bbox 376 3932 451 4005; x_wconf 88' lang='lat' dir='ltr'><strong>quod</strong></span> <span class='ocrx_word' id='word_1_324' title='bbox 466 3932 502 3988; x_wconf 87' lang='lat' dir='ltr'><strong>ad</strong></span> <span class='ocrx_word' id='word_1_325' title='bbox 515 3932 666 4006; x_wconf 86' lang='lat' dir='ltr'><strong>privatum.</strong></span> <span class='ocrx_word' id='word_1_326' title='bbox 682 3932 808 3991; x_wconf 89' lang='lat' dir='ltr'><strong>clamore</strong></span> <span class='ocrx_word' id='word_1_327' title='bbox 821 3932 1015 3991; x_wconf 88' lang='lat' dir='ltr'><strong>multitudinis</strong></span> <span class='ocrx_word' id='word_1_328' title='bbox 1027 3930 1175 4007; x_wconf 67' lang='lat' dir='ltr'><strong>imperite,</strong></span> <span class='ocrx_word' id='word_1_329' title='bbox 1207 3927 1211 3943; x_wconf 69' lang='lat'><em>²</em></span> <span class='ocrx_word' id='word_1_330' title='bbox 1265 3938 1280 3953; x_wconf 80' lang='grc'><strong>·“</strong></span> 
     </span>
    </p>
   </div>
   <div class='ocr_carea' id='block_1_6' title="bbox 0 0 1350 4484">
    <p class='ocr_par' dir='ltr' id='par_1_17' title="bbox 0 0 1350 4484">
     <span class='ocr_line' id='line_1_40' title="bbox 0 0 1350 4484; baseline 0 0"><span class='ocrx_word' id='word_1_331' title='bbox 0 0 1350 4484; x_wconf 95' lang='lat' dir='ltr'><strong> </strong></span> 
     </span>
    </p>
   </div>
  </div>
 </body>
</html>
