2692 4484
157 314 201 374 52
228 292 231 299 '
436 310 573 363 omaro
596 312 666 362 rao
688 312 786 362 anon
808 311 977 362 mnarum.
1006 264 1014 297 '³
1040 269 1104 397 '¹3'
1137 278 1163 301 'i
1193 280 1235 391 ζ’

209 474 276 532 pore
302 455 398 513 lucem
426 454 528 512 afferre
554 454 720 530 reipublicae
747 454 847 531 potuit,
874 464 907 511 ut
940 473 999 525 vos,
1032 454 1081 530 qui
1115 458 1204 517 modo

210 546 276 592 ante
291 531 592 611 ostium,Tiberinum
613 534 734 591 classem
758 534 882 592 hostium
904 532 1055 605 videbatis,
1077 533 1099 593 ii
1119 555 1202 597 nunc
1230 544 1252 601 p

209 613 317 671 nullam
340 613 419 687 intra*
431 602 675 669 ‘Oc'eanl‘ostium
696 613 862 689 praedonum
884 631 988 670 navem
1009 631 1073 670 esse
1101 616 1201 673 audia-

209 693 266 749 tisl
307 692 414 765 Atque,
429 690 491 747 haec
504 689 561 765 qud
575 690 723 749 celeritate
744 701 826 768 gesta
846 693 914 761 sint,
936 709 1100 767 quanquam
1122 694 1200 752 vids·

176 771 255 842 sris,
277 779 374 827 tamen
396 785 414 825 a
434 787 481 826 me
502 770 533 826 in
556 769 680 827 dicendo
699 771 900 846 pretereunda
925 789 982 828 non
1004 780 1079 828 sunt.
1119 771 1200 833 Quis

208 849 286 907 enim
300 865 436 922 unquam,
452 857 502 904 aut
513 848 640 906 obeundi
653 849 762 925 negotii
784 859 833 906 aut
855 849 1051 924 consequendi
1071 851 1199 925 quaestirs

208 927 312 997 studio,
326 937 385 984 tam
394 925 472 984 brevi
486 936 622 1002 tempore,
636 937 678 986 tot
698 928 763 985 loca
784 927 873 998 adire,
887 937 982 985 tantos
995 946 1097 985 cursus
1110 929 1198 989 eonfi-

158 1016 163 1051 Ι
209 1024 284 1087 cere,
298 1005 399 1082 potuit,
413 1001 500 1079 quam
514 1005 656 1078 celeriter,
670 1005 726 1065 Cn.
741 1006 877 1081 Pompeio
890 1006 976 1076 duce,
991 1006 1058 1063 belli
1074 978 1294 1152 impetusff‘(

149 1102 170 1119 ··
209 1083 371 1160 navigavitf
392 1083 451 1159 qui,
465 1084 593 1141 nondum
606 1085 774 1161 tempestivo
788 1085 824 1142 ad
838 1085 1033 1161 navigandum
1053 1103 1136 1156 marr,
1152 1088 1185 1144 Si

164 1163 194 1216 10
209 1162 306 1219 ciliam
320 1162 400 1232 adiit,
414 1162 546 1219 Africam
560 1163 732 1239 exploravit3
753 1163 821 1222 inde
843 1164 1008 1229 Sardiniam
1022 1182 1090 1220 cum
1104 1165 1197 1224 classe

208 1241 408 1316 reniteatque
422 1242 485 1298 baec
498 1241 554 1298 tria
568 1241 755 1300 frumentaria
767 1242 896 1299 subsidia
916 1241 1082 1318 reipublicae
1095 1242 1197 1301 firmis-
1216 1269 1219 1273 ·

208 1320 289 1377 simis
301 1319 441 1395 praesidiis
449 1319 646 1395 classibusque
659 1321 789 1380 munivit.
830 1320 905 1378 Inde
914 1318 1027 1401 cirmssse
1035 1320 1065 1378 in
1079 1320 1196 1379 Italiam

209 1398 373 1473 recepisset,
388 1398 500 1455 duabus
514 1398 664 1473 Hispaniis
683 1409 714 1457 et
726 1399 822 1458 Gallia
836 1399 986 1476 Cisalpini
999 1418 1032 1475 pr
1074 1400 1080 1410 “
1105 1400 1139 1457 'is
1160 1419 1197 1459 ac

208 1477 330 1534 navibus
351 1476 529 1547 confirmati,
542 1477 638 1534 missis
659 1478 730 1535 item
751 1479 780 1535 in
812 1498 826 1535 r
852 1546 855 1553 ¹
888 1477 997 1554 Illyrici
1042 1497 1108 1548 aris,
1122 1488 1151 1536 et
1164 1478 1196 1537 in

161 1558 194 1613 15
209 1556 354 1613 Achaiam
379 1573 551 1631 omnemque
571 1556 727 1627 Graeoiam,
749 1490 815 1614 ntfr
846 1558 880 1627 ἐ,
903 1555 994 1614 ltaliae
1022 1557 1079 1614 duo
1104 1557 1196 1614 maria
1276 1614 1279 1619 ,

209 1633 341 1691 maximis
367 1633 507 1691 classibus
534 1633 761 1711 firmissimisque
781 1636 921 1712 presidiis
949 1635 1113 1693 adornavit:
1134 1636 1196 1712 ipse

209 1722 315 1783 autem,
330 1722 362 1770 ut
376 1731 393 1769 a
406 1711 561 1771 Brundisio
580 1713 725 1789 profectus
747 1726 801 1785 est,
815 1713 1128 1790 undequinquagesimo
1147 1715 1210 1787 die,

208 1799 297 1848 totam
311 1792 348 1848 ad
361 1791 512 1867 imperium
521 1792 621 1868 populi
635 1791 764 1854 Romani
778 1792 914 1851 Ciliciam
926 1793 1071 1869 adjunxit:
1085 1812 1194 1864 omnes,

208 1869 257 1944 qui
272 1869 377 1944 ubique
389 1870 537 1946 praedones
550 1870 676 1942 fuerunt,
689 1871 794 1948 partim
814 1872 890 1948 capti
905 1871 1105 1946 interfectique
1118 1881 1194 1942 sunt,

158 1958 195 2013 20
207 1947 311 2024 partim
325 1947 411 2006 unius
424 1948 508 2025 hujus
522 1950 641 2026 imperio
655 1969 691 2008 ao
702 1950 835 2028 potestati
849 1970 881 2008 se
891 1951 1071 2009 dediderunt.
1112 1949 1194 2008 Idem

208 2026 406 2103 Cretensibus,
421 2026 489 2086 ciam
504 2029 540 2086 ad
554 2048 621 2087 eum
635 2048 725 2105 usque
746 2030 777 2087 in
799 2029 995 2106 Pamphyliam
1018 2028 1126 2105 legatos
1146 2029 1195 2086 de-
1212 2086 1214 2095 ,
1269 2041 1318 2099 γῑ-

209 2119 427 2183 precatoresque
448 2107 602 2178 misissent,
624 2127 704 2184 spem
726 2108 880 2166 deditionis
903 2128 960 2167 non
985 2107 1100 2178 ademit,
1120 2102 1323 2179 obsi-psus&

87 2226 90 2233 «
182 2185 314 2261 ι.ᾶεε(]υε
328 2188 485 2282 immam,
528 2186 575 2244 lta
595 2198 708 2245 tantum
729 2188 848 2258 bellum,
862 2197 921 2245 tam
943 2187 1120 2256 diuturnum,
1134 2195 1193 2243 tam
1294 2178 1305 2207 ⁸

207 2262 292 2341 longd
307 2266 423 2341 lateque
437 2266 607 2342 dispersum,
622 2286 680 2341 quo
692 2267 768 2325 bello
780 2285 880 2325 omnes
893 2276 994 2343 gentes
1011 2284 1046 2323 ac
1064 2265 1193 2323 nationes
1202 2318 1214 2335 ,

158 2352 194 2405 25
208 2344 419 2419 premebantur,
434 2344 488 2401 Cn.
501 2344 653 2421 Pompeius
667 2346 794 2403 extremi
809 2345 905 2404 hieme
914 2344 1067 2422 apparavit,
1076 2344 1194 2402 ineunte
1264 2346 1267 2351 ’

208 2440 274 2478 vere
287 2440 371 2479 susce
391 2422 422 2490 it,
438 2423 534 2479 medii
548 2433 646 2480 aestate
660 2424 794 2482 confecit.
818 2450 820 2453 ·
1254 2440 1259 2447 '

246 2497 336 2555 XIII.
372 2442 424 2555 lzst
438 2499 500 2556 haec
514 2499 612 2557 divina
626 2511 711 2576 atque
736 2502 914 2560 incredibilis
934 2502 1023 2558 virtus
1045 2501 1194 2576 imperato·

207 2574 255 2632 ris.
296 2575 380 2636 Quid
395 2589 601 2653 caeterae,.quas
615 2579 702 2655 pauld
718 2579 785 2638 ante
802 2599 1026 2640 commemorare
1040 2597 1192 2654 coeperam,
1216 2582 1219 2588 '

207 2663 321 2728 quante
336 2654 519 2741 atqu-equam
533 2654 606 2714 lnult
633 2658 837 2749 ,3inerss
860 2661 937 2717 enim
959 2655 1052 2717 soldm
1066 2657 1192 2715 bellandi
1293 2670 1296 2677 ·

158 2745 194 2800 30
208 2733 297 2790 virtus
318 2733 348 2791 in
374 2732 486 2795 summo
508 2745 592 2811 atque
607 2678 741 2817 &derbem
767 2738 936 2815 imperatore
961 2736 1115 2812 quaerenda
1134 2744 1193 2804 est;

208 2812 258 2868 sed
272 2812 368 2870 multae
390 2823 456 2871 sunt
471 2824 546 2872 artes
567 2816 690 2886 eximiae,
713 2816 805 2891 hujus,
821 2817 997 2874 administrae
1019 2814 1194 2889 comitesque

209 2891 329 2948 virtutis.
372 2893 430 2962 Ac,
444 2890 579 2968 primum,
593 2895 700 2969 quanta
722 2895 888 2963 innocentia
910 2895 1016 2952 debent
1029 2912 1093 2951 esse
1107 2893 1195 2968 impe-

208 2970 330 3027 ratores!
365 2971 472 3045 quanti
507 2971 612 3030 deinde
644 2974 778 3031 omnibus
805 2973 836 3031 in
869 2974 962 3061 rebps.
987 2971 1193 3049 temperantiil
1236 3014 1238 3017 v
1267 3012 1270 3017 v

207 3049 313 3124 quanti
328 3049 400 3107 lide!
430 3051 536 3126 quanta
559 3050 713 3110 facilitate!
734 3062 841 3128 quanto
862 3036 1003 3128 ingellol
1017 3051 1123 3126 quanti
1144 3050 1202 3107 hu·

158 3139 193 3192 35
209 3128 360 3186 manitate!
389 3129 477 3200 Qua,
499 3130 632 3201 breviter,
654 3131 752 3206 qualia
772 3131 830 3189 sint
851 3131 881 3189 in
898 3131 953 3190 Cn.
967 3129 1113 3205 Pompeio,
1128 3145 1195 3185 con·
1244 3130 1246 3133 ’
1320 3169 1323 3176 -

207 3206 373 3265 sideremus.
416 3209 537 3266 Summa
565 3210 643 3267 enim
671 3210 770 3268 omnia
798 3220 875 3282 sunt,
900 3209 1050 3271 Quirites:
1079 3207 1130 3264 sed
1159 3218 1195 3263 ea

207 3286 299 3361 magis
320 3305 356 3344 ex
372 3287 491 3345 aliorum
506 3288 700 3360 contentione,
714 3287 801 3364 qudm
823 3290 885 3366 ipsa
904 3308 955 3365 per
969 3307 1043 3358 sese,
1058 3284 1194 3363 cognosci

208 3373 292 3437 atque
306 3364 426 3441 intelligi
440 3376 565 3441 possunt.

245 3440 343 3501 Quem
359 3443 435 3499 enim
455 3462 605 3518 possumus
627 3445 826 3525 imperatorem
848 3444 943 3521 aliquo
961 3444 991 3501 in
1012 3450 1196 3517 numeroipu·

159 3520 194 3573 to
208 3529 278 3588 tare,
294 3519 376 3595 cujus
390 3520 420 3578 in
433 3523 562 3579 exercitu
577 3514 701 3582 v‘en'ellnt
722 3526 900 3584 centuriatus
924 3534 1009 3598 atque
1033 3496 1195 3578 venierintl

207 3598 274 3672 quid
303 3599 381 3656 hunc
409 3600 553 3658 hominem
580 3621 719 3679 magnum
747 3615 796 3664 aut
818 3604 943 3680 amplum
967 3601 1004 3659 de
1026 3597 1195 3675 republicis

209 3676 345 3751 cogitare,
369 3678 417 3753 qui
439 3680 602 3754 pecuniam,
625 3701 661 3739 ex
685 3684 785 3742 aerario
808 3684 1004 3761 depromptam
1028 3680 1065 3736 ad
1088 3677 1195 3735 bellum
1258 3733 1262 3738 .

210 3754 476 3828 administrandum,
500 3769 558 3830 aut,
572 3771 685 3835 propter
706 3762 893 3838 cupiditatem
914 3759 1080 3837 provincia,
1094 3755 1198 3833 magis·

209 3834 329 3891 tratibus
342 3836 479 3909 diviserit,
495 3847 545 3896 aut
556 3849 669 3917 propter
684 3842 833 3898 avaritiam
854 3840 958 3898 Rome
972 3838 1003 3897 in
1024 3847 1136 3913 quaestu
1155 3853 1199 3891 re·
