2692 4484
141 338 200 397 180
441 332 578 385 orario
600 333 638 383 ln
660 332 699 382 Μ.
722 331 927 382 Attuoruuu.

232 478 364 540 atenim
377 489 406 537 te
421 477 451 536 in
465 476 649 554 disciplinam
662 495 759 535 meam
771 475 934 533 tradideras
959 473 1041 553 (nam
1061 484 1103 533 ita
1124 473 1190 532 dix·

142 577 144 580 ·
193 560 274 640 isti):
295 560 412 617 domum
424 574 521 615 meam
534 556 699 614 ventitaras.
739 554 796 613 Nn
809 564 852 627 tu,
861 553 887 611 si
897 554 928 611 id
942 554 1069 626 fecisses,
1078 552 1190 612 melids

193 642 287 710 same,
301 634 564 712 melidspudicitiae
585 644 653 707 tue,
677 633 879 693 consuluisses.
921 634 981 694 Sed
1000 653 1056 692 nec
1077 633 1189 705 fecisti,

192 738 258 790 nec,
272 717 297 774 si
311 734 442 792 cuperes,
456 713 509 772 tibi
523 714 553 771 id
566 733 618 791 per
631 714 667 772 C.
682 712 841 771 Curionem
855 713 952 771 facere
965 711 1102 770 licuisset

157 805 176 858 5
232 794 402 872 Auguratds
423 793 592 870 petitionem
611 792 684 850 mihi
703 802 733 850 te
752 791 931 850 concessisse
951 790 1056 849 dixisti.
1096 790 1128 849 Ο
1143 790 1188 850 iu·

193 874 363 934 credibilem
385 871 554 931 audaciam!
575 891 594 930 o
613 870 821 949 impudentiam
840 869 1072 946 predicandam!
1113 870 1190 933 Quo

193 953 272 1012 enim
297 963 426 1029 tempore
452 969 499 1009 me
527 968 667 1028 augurem
688 969 705 1008 a
724 958 785 1008 toto
807 947 931 1027 collegio
950 948 1106 1026 expetitum
1127 949 1188 1008 Cu.

194 1031 347 1109 Pompeius
359 1042 389 1089 et
401 1030 442 1093 Q.
457 1028 631 1088 Hortensius
651 1028 871 1087 nominaverunt
896 1025 1004 1106 (neque
1023 1028 1102 1086 enim
1115 1028 1190 1087 lice-

194 1112 244 1169 bat
264 1130 282 1168 a
303 1110 433 1188 pluribus
453 1107 621 1197 nominari),
635 1118 667 1165 tu
687 1127 744 1166 nec
763 1107 899 1166 solvendo
912 1125 987 1178 eras,
1001 1126 1057 1165 nec
1076 1116 1106 1166 te
1127 1108 1190 1166 ullo

143 1195 177 1249 10
195 1190 289 1261 modo,
302 1189 360 1248 nisi
373 1189 473 1247 erersd
496 1187 654 1264 republica,
669 1185 844 1245 incolumem
858 1185 919 1245 sore
931 1186 1061 1263 putabas
1102 1186 1190 1245 Pote-

194 1287 241 1328 ras
255 1278 352 1327 autem
365 1287 401 1326 eo
413 1278 540 1345 tempore
554 1275 726 1344 auguratum
738 1275 847 1343 petere,
861 1261 931 1323 cirm
944 1264 975 1324 in
995 1264 1082 1324 Italia
1094 1264 1187 1326 onie

194 1367 253 1406 nou
266 1348 361 1406 essetl
383 1355 512 1418 auttum,
521 1342 590 1403 cdm
599 1364 631 1404 es
644 1345 749 1417 sactus,
760 1363 849 1403 unam
857 1344 966 1402 tribum
978 1343 1042 1403 sine
1055 1343 1188 1403 Curione

195 1425 270 1485 serre
299 1424 460 1502 potuissesl
491 1424 575 1501 cujus
604 1424 693 1482 etiam
713 1423 870 1483 familiares
895 1422 981 1481 deri
1002 1422 1189 1483 condemnati

195 1514 272 1576 sunt,
286 1502 364 1580 qudd
377 1503 420 1561 tui
433 1502 521 1561 nimis
534 1503 654 1562 studiosi
669 1502 797 1563 luissent

144 1585 179 1640 15
235 1582 293 1643 III.
328 1584 371 1640 At
383 1581 526 1641 beneficio
544 1601 609 1640 sum
630 1600 700 1639 usus
720 1591 778 1640 tuo.
818 1579 911 1643 Quot
931 1598 1094 1658 quanquam
1115 1580 1189 1640 illud

196 1662 626 1815 &tremitur
639 1659 1190 1816 tttntrttllnlllrtt

196 1829 295 1898 gratus
307 1819 407 1877 videri.
449 1818 509 1877 Sed
532 1837 589 1894 quo
611 1817 773 1876 beneficiol
794 1816 872 1893 qudd
895 1836 943 1875 me
962 1817 1110 1876 Brundisii
1129 1838 1189 1877 uon

196 1898 358 1959 occiderisl
398 1897 498 1960 Quem
512 1897 573 1974 ipse
586 1896 676 1955 victor
691 1896 755 1974 (qui
775 1895 840 1969 tibi,
854 1906 886 1954 ut
898 1905 961 1955 tute
981 1896 1098 1974 gloriari
1117 1897 1191 1955 sole·

144 1981 180 2035 2⁰
197 1979 259 2051 bas,
283 1977 426 2036 detulerat
448 1995 485 2035 ex
502 1975 663 2034 latronibus
686 1975 747 2033 suis
768 1975 975 2054 principatum)
1000 1976 1110 2034 salvum
1124 1995 1190 2035 esse

197 2056 342 2129 voluisset,
367 2056 398 2115 in
421 2055 537 2115 Italiam
560 2053 603 2113 ire
623 2053 765 2131 jussisset,
788 2073 856 2113 euru
869 2064 901 2113 tu
914 2054 1084 2113 occideres?
1123 2054 1189 2113 Fac

196 2136 340 2214 potuisse:
361 2136 437 2211 quod
450 2144 494 2194 est
508 2133 596 2205 aliud,
610 2132 712 2192 Patres
729 2132 903 2210 Conscripti‚
918 2132 1090 2194 beneficium
1102 2132 1190 2192 latro·

197 2234 278 2287 uum,
292 2214 349 2273 nisi
362 2224 394 2273 ut
408 2230 632 2273 commemorare
654 2212 773 2289 possint,
787 2212 824 2270 iis
837 2232 869 2271 se
888 2211 1002 2271 dedisse
1015 2212 1112 2285 vitam,
1125 2211 1190 2288 qui-

198 2294 253 2352 bus
272 2313 330 2352 non
354 2293 533 2352 ademerintl
573 2291 664 2354 Quod
687 2290 713 2348 si
735 2300 811 2350 esset
833 2289 1017 2363 beneficium,
1041 2309 1189 2366 uunquam

144 2377 181 2431 25
198 2372 230 2443 ii,
244 2372 294 2448 qui
307 2372 389 2430 illum
402 2372 621 2442 interfecerunt,
636 2388 653 2427 a
666 2379 820 2446 quoerant
838 2369 955 2441 servati,
971 2370 1057 2448 (quos
1076 2380 1108 2427 tu
1128 2369 1190 2446 ipse

199 2450 274 2508 viros
286 2450 461 2509 clarissimos
475 2449 617 2526 appellare
630 2448 719 2528 soles)
730 2458 841 2507 tantam
854 2458 950 2508 essent
960 2448 1083 2526 gloriam
1090 2468 1191 2507 conse·

198 2528 268 2585 cuti.
308 2526 408 2589 Quale
422 2537 519 2585 autem
540 2526 715 2585 beneficium
738 2537 792 2600 est,
807 2528 883 2603 quod
903 2538 933 2587 te
947 2526 1121 2586 abstinueris
1138 2546 1190 2586 ne-

199 2604 271 2665 t‘ario
283 2605 415 2663 scelerel
455 2605 527 2668 Qua
548 2605 579 2664 in
601 2625 643 2677 re,
667 2624 727 2664 non
749 2615 809 2664 tam
826 2606 987 2683 jucundum
1008 2606 1098 2665 videri
1117 2605 1190 2664 mihi

197 2685 307 2755 debuit,
327 2704 385 2742 non
399 2683 582 2743 intersectum
598 2693 668 2757 ate,
683 2682 771 2760 quim
794 2685 942 2758 miserum,
965 2685 996 2743 id
1017 2694 1047 2744 te
1069 2681 1189 2762 impune

145 2766 181 2821 30
198 2763 294 2821 facere
306 2763 442 2839 potuisse.

195 2867 197 2870 ’
236 2842 297 2899 Sed
309 2841 347 2899 sit
360 2842 545 2914 beneficium,
568 2843 801 2920 quandoquidem
822 2844 916 2921 majus
936 2843 1062 2922 accipia
1080 2843 1191 2902 latrone

198 2920 308 2979 nullum
321 2921 431 2999 potuit;
452 2921 560 2997 inquo
579 2932 661 2999 potes
684 2941 732 2981 me
754 2922 853 2981 dicere
875 2924 1042 3001 ingratuml
1083 2922 1191 2980 Ande
1291 2945 1294 2950 ·

198 3000 316 3058 interitu
329 3000 496 3077 reipublice
510 3001 592 3076 queri
605 3020 664 3059 non
675 3001 773 3074 debui,
782 3021 820 3061 ne
830 3002 861 3060 in
875 3012 904 3061 te
918 3003 1049 3080 ingratus
1058 3000 1191 3059 vidererl

198 3079 287 3151 Nam,
302 3080 332 3137 in
346 3080 396 3138 illd
409 3080 538 3156 querela,
554 3078 675 3158 (miserti
688 3080 805 3156 quidem
827 3090 857 3140 et
879 3081 1022 3152 luctuosa,
1036 3080 1087 3139 sed
1108 3078 1190 3151 mihi,

145 3161 182 3217 &¹5
197 3179 249 3236 pro
261 3160 317 3218 boc
330 3160 422 3237 gadir
436 3159 467 3218 in
480 3178 537 3235 quo
550 3178 597 3218 me
610 3169 729 3217 senatus
750 3159 928 3237 populusque
941 3160 1094 3219 Romanus
1107 3158 1192 3217 collo

199 3239 285 3310 cavit,
299 3239 479 3318 necessarii)
504 3239 573 3315 quid
597 3248 641 3297 est
664 3238 776 3296 dictum
800 3258 878 3297 ame
902 3258 969 3297 cum
993 3237 1191 3297 contumeliis?

198 3318 268 3391 quid
291 3338 349 3376 non
372 3315 542 3377 moderatel
569 3318 639 3393 quid
660 3337 720 3376 non
747 3315 864 3376 amicdl
906 3318 945 3376 Et
968 3317 1085 3393 quidem
1109 3316 1193 3392 cujus

198 3396 395 3470 temperantia
409 3395 472 3466 fuit,
487 3397 523 3453 de
547 3394 589 3453 Μ.
604 3396 734 3455 Antonio
754 3407 932 3472 querentem,
947 3396 1092 3455 abstinere
1105 3395 1193 3453 male·

199 3471 300 3529 dictol
320 3473 481 3548 presertim
503 3472 572 3530 cdm
593 3483 626 3530 tu
646 3472 783 3551 reliquias
796 3475 962 3552 reipublice
976 3473 1191 3550 dissipavisses3

146 3549 183 3604 to
199 3546 268 3608 crim
281 3550 359 3607 domi
373 3560 429 3607 tuae
443 3550 607 3626 turpissimo
616 3562 747 3610 mercatu
756 3554 856 3612 omnia
867 3563 964 3613 essent
977 3553 1109 3623 venalia3
1124 3549 1193 3610 cdm

199 3628 279 3705 leges
298 3646 358 3698 eas,
372 3646 436 3704 que
450 3646 598 3703 nunquam
610 3630 800 3708 promulgatae
821 3642 929 3705 essent,
943 3643 973 3691 et
996 3633 1034 3691 de
1047 3642 1077 3691 te
1089 3630 1121 3691 et‘
1133 3651 1151 3689 a
1163 3640 1193 3689 te

199 3708 272 3766 latas
282 3706 470 3776 confiterere3
492 3703 560 3763 cum
572 3706 703 3782 auspicia
717 3728 819 3787 augur,
830 3710 1067 3770 intercessionem
1082 3710 1193 3781 consul,

199 3788 378 3856 sustulisses3
400 3782 561 3843 cumesses
575 3784 731 3846 foedissimd
753 3789 873 3867 stipatus
888 3791 1024 3861 armatis;
1046 3788 1115 3849 clun
1134 3808 1195 3848 om·

200 3886 253 3927 nes
272 3865 452 3945 impuritates
470 3863 578 3943 pudicd
603 3865 634 3925 in
661 3867 746 3926 domo
772 3869 901 3945 quotidie
927 3869 1101 3947 susciperes,
1128 3869 1195 3927 vino
