2692 4484
402 318 541 370 ortano
563 316 602 366 m
625 316 663 366 nr.
686 313 891 365 annomuu.
1139 305 1196 375 1'45
1228 275 1251 362 ’.

155 465 259 542 impuri
279 464 339 535 filii,
354 472 490 539 tanquam
510 479 626 531 nurum,
642 458 825 534 sequebatur.
867 455 896 515 Ο
917 475 1036 514 miserm
1050 456 1150 515 mulie·

154 545 195 602 ris
209 543 423 601 soecunditatem
437 540 653 599 calamitosam!
697 537 810 595 Horum
831 536 1007 614 flagitiorum
1022 536 1077 594 iste
1090 555 1151 594 ves·

155 623 233 699 tigiis
252 623 349 680 omnia
368 622 539 698 municipia,
552 618 751 697 prefecturas,
766 617 902 688 colonias,
917 625 1008 674 totam
1023 615 1151 692 denique

154 702 277 773 Italiam,
292 700 444 779 impressit.

192 780 383 856 Reliquorum
404 780 547 838 factorum
567 776 639 853 ejus,
654 775 756 833 Patres
775 774 948 852 conscripti,
963 774 1091 833 difficilis
1104 784 1150 833 est
1179 780 1199 834 5

153 857 222 918 sane
244 858 430 937 reprehensio
449 867 479 915 et
498 855 620 914 lubrica.
661 853 803 912 Versatus
822 853 853 912 in
866 854 942 913 bello
955 863 1017 913 est:
1038 863 1149 912 satura·

152 938 193 996 vit
213 959 244 997 se
264 938 407 1016 sanguine
435 935 691 994 dissimillimorum
711 933 756 990 sui
777 932 892 990 civium.
933 933 1004 992 Fuit
1023 933 1101 1006 felix,
1123 934 1148 992 si

152 1028 245 1094 potest
264 1018 326 1075 ulla
345 1035 409 1074 esse
423 1016 454 1073 in
468 1014 578 1072 scelere
598 1012 731 1071 felicitas.
773 1013 842 1083 Sed,
857 1012 993 1087 quoniam
1005 1011 1148 1072 veteranis

154 1108 274 1155 cautum
287 1116 351 1154 esse
365 1095 505 1164 volumus,
520 1110 685 1169 quanquam
698 1091 845 1149 dissimilis
859 1100 902 1149 est
915 1091 1040 1149 militum
1060 1112 1149 1151 causa

154 1186 185 1233 et
198 1186 250 1232 tua
266 1175 322 1251 (illi
336 1172 430 1232 secuti
444 1182 519 1243 sunt,
533 1183 566 1228 tu
579 1169 716 1248 quaesisti,
731 1171 850 1251 ducem)
863 1190 870 1240 ;
891 1180 1000 1241 tamen,
1014 1190 1051 1228 ne
1072 1173 1148 1248 apud
1162 1177 1197 1232 1⁰

156 1255 221 1312 illos
250 1272 297 1311 me
326 1252 356 1310 in
386 1252 524 1310 invidiam
551 1270 646 1322 voceS,
667 1250 740 1308 nihil
761 1250 887 1308 debelii
914 1269 1022 1327 genere
1041 1251 1146 1310 dicam.

156 1333 260 1392 Victor
280 1352 297 1390 e
317 1330 471 1390 Thessaliri
499 1330 687 1388 Brundisium
717 1348 786 1387 cum
811 1329 974 1405 legionibus
998 1331 1146 1389 revertisti.

157 1411 204 1469 Ibi
228 1430 274 1469 me
294 1431 352 1469 non
372 1410 522 1469 occidisti:
550 1428 690 1486 magnum
709 1407 904 1467 beneficium:
924 1408 1050 1485 potuisse
1069 1409 1148 1468 enim

156 1490 255 1548 fateor.
296 1490 474 1565 Quanquam
500 1508 586 1548 nemo
606 1498 668 1546 erat
689 1507 799 1559 eorum,
820 1487 870 1563 qui
890 1489 951 1545 tur'n
971 1498 1068 1547 tecum
1089 1489 1149 1548 fue·

155 1579 232 1641 runt,
253 1569 302 1646 qui
329 1569 401 1626 mihi
421 1589 478 1627 non
499 1577 632 1627 censeret
657 1568 739 1646 parci
765 1576 903 1644 oportere.
945 1566 1045 1625 Tanta
1070 1568 1198 1626 enim15

154 1657 199 1705 est
212 1649 317 1706 caritas
329 1648 439 1725 patriae,
453 1658 487 1706 ut
499 1647 601 1706 restris
621 1648 711 1705 etiam
730 1646 895 1724 legionibus
915 1657 1033 1703 sanctus
1046 1666 1149 1720 essem,

153 1725 231 1804 qudd
251 1747 316 1786 eam
337 1747 355 1785 a
374 1746 421 1786 me
441 1737 583 1786 servatam
597 1746 661 1785 esse
675 1725 884 1786 meminissent.
927 1725 987 1783 Sed
1000 1725 1057 1797 fae,
1072 1725 1102 1783 id
1121 1734 1151 1784 te

154 1808 268 1866 dedisse
281 1806 363 1879 mihi,
377 1808 454 1883 quod
473 1827 532 1865 non
553 1806 697 1878 ademisti,
711 1824 815 1882 meque
837 1824 855 1862 a
874 1814 904 1862 te
924 1804 1031 1863 habere
1050 1805 1149 1878 vitam,

154 1887 222 1963 quia
236 1906 254 1944 a
266 1896 295 1945 te
308 1907 366 1945 non
380 1886 417 1944 sit
431 1896 545 1964 erepta;
566 1884 689 1944 licuitne
709 1885 782 1942 mihi
801 1904 852 1961 per
873 1893 939 1941 tuas
959 1885 1150 1943 contumelias

154 1967 211 2024 hoc
231 1966 405 2024 beneficium
425 1966 469 2023 sic
489 1964 575 2037 tueri,
590 1974 622 2022 ut
641 1964 754 2036 tuebar,
768 1964 928 2041 presertim
949 1960 1018 2021 cirin
1037 1973 1066 2021 te
1086 1964 1151 2022 hec
1163 1959 1200 2017 20

157 2045 322 2103 auditurum
335 2045 469 2102 videresl
570 2089 572 2093 ,

196 2124 294 2182 XXV.
329 2123 445 2181 Venisti
465 2121 662 2193 Brundisium,
678 2121 708 2179 in
728 2121 823 2179 sinum
837 2121 955 2197 quidem
976 2121 1055 2180 etin
1074 2140 1151 2180 com·

156 2203 271 2279 plexum
301 2211 359 2259 tuae
389 2201 524 2258 mimulae.
565 2200 650 2263 Quid
673 2202 738 2259 estt
769 2220 840 2259 num
869 2200 1015 2259 mentiorl
1048 2199 1150 2264 Quam

157 2281 294 2338 miserum
315 2290 359 2338 est
379 2280 410 2339 id
429 2300 537 2357 negare
555 2300 612 2338 non
626 2300 719 2356 posse,
734 2281 810 2356 quod
824 2280 860 2338 sit
874 2279 1151 2357 turpissimum'con·

156 2359 251 2417 fiteri!
286 2358 320 2418 Si
339 2369 368 2417 te
388 2360 611 2439 municipiorum
630 2379 689 2418 non
708 2361 851 2437 pudebat;
882 2380 920 2418 ne
940 2360 1069 2417 veterani
1089 2357 1199 2435 qui-25

156 2440 224 2497 dem
243 2439 410 2498 exercitdsl
443 2438 521 2502 Quis
541 2439 619 2497 enim
639 2439 723 2496 miles
744 2440 808 2511 suit,
829 2439 879 2514 qui
902 2438 1050 2496 Brundisii
1071 2438 1151 2497 illam

156 2538 213 2576 non
234 2518 357 2577 videritl
377 2517 451 2593 quis,
466 2517 516 2594 qui
535 2517 683 2590 nescierit,
697 2518 810 2576 venisse
830 2538 895 2576 eam
913 2517 966 2576 tibi
980 2527 1021 2576 tot
1035 2518 1148 2576 dierum

154 2598 231 2654 viam
258 2598 453 2674 gratulatuml
487 2598 561 2673 quis,
583 2598 633 2673 qui
660 2618 719 2656 non
747 2598 910 2670 indoluerit,
931 2607 990 2654 tam
1017 2595 1082 2656 serd
1106 2617 1148 2669 se,

153 2695 241 2753 quem
255 2676 400 2735 hominem
415 2687 532 2748 secutus
545 2687 631 2749 esset,
647 2679 844 2754 cognosceret

194 2756 286 2814 ltaliae
307 2775 406 2814 rursus
425 2756 613 2833 percursatio,
628 2757 733 2814 eidem
754 2757 858 2815 comite
872 2757 979 2827 mimd3
1001 2756 1031 2814 in
1044 2756 1149 2834 oppida
1162 2764 1199 2819 30

154 2835 277 2894 militum
298 2835 426 2894 crudelis
446 2846 475 2894 et
495 2836 601 2894 misera
621 2835 775 2906 deducti03
800 2835 830 2894 in
843 2836 923 2894 Urbe
937 2835 1009 2907 auri,
1025 2835 1148 2913 argenti,

81 2930 86 2938 ·
153 2913 337 2990 maximeque
358 2915 428 2986 vini,
443 2916 520 2973 soeda
540 2915 670 2992 direptio.
713 2915 859 2985 Accessit,
873 2924 915 2987 ut,
930 2915 1047 2973 Caesare
1067 2914 1149 2992 igna-

154 3015 195 3067 ro,
219 2992 303 3082 (crim
330 2993 378 3051 ille
401 3005 478 3051 esset
501 2994 701 3074 Alexandriae)
725 2994 869 3052 beneficio
896 2993 1054 3056 amicorum
1075 2995 1148 3070 ejus,

154 3083 292 3150 magister
313 3072 443 3148 equitum
466 3073 697 3131 constitueretur.
739 3074 819 3131 Tum
841 3072 1024 3143 existimavit,
1046 3093 1077 3130 se
1098 3092 1150 3129 suo

152 3152 217 3228 jure
245 3169 313 3208 cum
341 3150 450 3228 Hippia
470 3152 575 3223 vivere,
591 3162 626 3209 et
652 3171 741 3228 equos
760 3152 919 3229 vectigales
941 3151 1044 3228 Sergio
1063 3151 1151 3210 mimo
1163 3154 1198 3210 35

155 3230 279 3288 tradere.
321 3229 401 3286 Tum
422 3229 477 3287 sibi
497 3250 555 3288 non
576 3232 663 3303 hanc,
678 3250 765 3308 quam
786 3251 865 3289 nunc
887 3228 964 3288 male
979 3240 1085 3302 tuetur,
1099 3232 1150 3289 sed

155 3308 198 3366 M.
213 3308 327 3367 Pisonis
347 3309 473 3380 domum,
488 3310 539 3367 ubi
559 3310 713 3381 habitaret,
727 3311 845 3387 legerat.
887 3310 971 3372 Quid
992 3329 1047 3387 ego
1067 3310 1149 3368 istius

154 3389 282 3460 decreta,
303 3387 373 3462 quid
393 3388 518 3465 rapinas,
533 3389 603 3463 quid
623 3389 823 3448 haereditatum
843 3389 1036 3466 possessiones
1056 3390 1147 3461 datas,

153 3468 223 3543 quid
245 3478 367 3545 ereptas,
381 3467 548 3544 proferam?
577 3468 710 3545 cogebat
730 3479 862 3547 egestas:
884 3467 941 3544 qud
963 3488 994 3526 se
1014 3478 1146 3541 verteret,

154 3566 211 3604 non
238 3547 372 3604 habebat.
413 3545 553 3605 Nondum
575 3548 603 3606 ei
626 3557 710 3605 tanta
731 3560 758 3606 a'
773 3549 807 3606 L.
831 3548 955 3620 Rubrio,
982 3568 1040 3606 non
1069 3568 1086 3605 a
1112 3547 1145 3605 L.
1161 3547 1197 3601 40

85 3683 89 3690 ,
155 3625 299 3697 Turselio,
323 3626 476 3684 hereditas
500 3636 634 3685 venerat:
666 3628 794 3685 nondum
822 3628 852 3685 in
882 3628 937 3686 Cn.
959 3628 1089 3704 Pompeii
1109 3628 1148 3684 lo·

154 3724 233 3776 cum,
253 3706 463 3780 multorumque
485 3705 615 3777 aliorum,
637 3706 687 3782 qui
711 3707 840 3780 aberant,
861 3707 1029 3783 repentinus
1056 3707 1149 3761 haeres

155 3795 342 3842 successerat.
383 3785 455 3843 Erat
481 3785 509 3843 ei
535 3786 691 3843 vivendum
717 3787 861 3847 latronum
885 3786 953 3858 ritu,
977 3794 1010 3847 ut
1036 3791 1148 3842 tantum

157 3864 284 3934 haberet,
298 3874 437 3938 quantum
451 3884 551 3939 rapere
565 3865 712 3939 potuisset,
