2692 4484
126 349 167 409 98
379 347 382 352 ’
405 353 542 403 ORATIO
564 353 634 403 Pao
655 352 807 402 aucuia·
820 351 948 401 POETA.

136 499 157 518 ‘
179 504 307 569 cuperet,
329 505 360 552 ut
386 496 474 553 etiam
501 496 645 570 Cordubae
671 495 748 554 natis
764 471 1009 596 ,poetiksbpingriei
1032 497 1176 573 quiddam
1218 501 1225 506 '

179 574 347 630 sonantibus
362 585 446 650 atque
459 576 654 651 peregrinum,
668 563 772 632 tameh
781 567 865 632 adies
878 571 945 632 duas
959 576 1084 634 dederet.

218 652 274 709 Xl.
310 652 414 728 Neque
434 654 512 710 enim
532 664 577 711 est
596 654 651 711 hoc
669 653 919 724 dissimulandum,
933 654 1174 729 quodobscurarr

179 749 237 787 nou
249 739 351 806 potest,
366 732 417 802 sed
435 750 496 808 pra
553 733 598 789 bis
618 733 788 822 sssltdldffl
809 733 950 802 trahimur
963 752 1063 791 omnes
1076 734 1174 791 laudis

144 812 162 864 5
180 809 289 878 studio;
300 817 340 866 *et
353 752 611 885 opimus‘qriisqle
624 809 756 868 'maxime
777 809 868 887 gloria
882 811 1006 869 ducitur.
1047 811 1108 889 Ipsi
1128 812 1172 870 illi

179 886 348 963 philosophi,
369 888 457 946 etiam
464 889 534 945 illis
554 889 669 960 libellis,
691 907 762 963 quos
782 889 819 947 de
840 890 1052 966 contemnendis
1078 891 1172 967 gloria

180 964 319 1037 scribunt,
340 985 445 1025 nomen
457 980 550 1044 suum
570 968 750 1024 inscribunt:
779 966 809 1024 in
829 987 864 1025 eo
884 967 954 1043 ipso,
975 967 1006 1025 in
1026 988 1082 1044 quo
1100 989 1173 1045 prae·

134 1065 151 1106 ,“
164 1039 355 1122 fdibbtionem
385 1041 620 1121 nobilitatemque
648 1046 821 1122 despiciunt,
841 1046 992 1122 predicari
1015 1048 1052 1104 de
1072 1067 1112 1118 se,
1134 1067 1172 1105 ac

180 1124 323 1181 nominari
343 1123 449 1182 volunt.
489 1124 631 1181 Decimus
649 1125 767 1200 quidem
787 1125 904 1196 Brutus,
919 1144 1047 1182 summus
1065 1126 1113 1183 ille
1126 1127 1171 1184 vir

131 1200 164 1253 10
181 1212 210 1259 et
224 1202 386 1278 imperator,
400 1203 486 1273 Attii,
501 1203 668 1260 amicissimi
683 1203 738 1273 sui,
753 1203 931 1261 carminibus
950 1205 1119 1281 templorum
1134 1225 1171 1262 ac

181 1292 430 1340 monumentorum
444 1282 539 1339 aditus
552 1281 699 1340 exornavit
718 1300 843 1339 suorum.
884 1281 903 1338 J
906 1301 952 1338 am
965 1282 1033 1340 verb
1047 1283 1105 1354 ille,
1119 1284 1170 1358 qui

151 1378 250 1440 ..num
270 1360 385 1432 AEtolis,
406 1360 503 1422 Ennio
522 1360 638 1431 comite,
658 1360 785 1432 bellavit,
800 1359 931 1432 Fulvius,
952 1380 1010 1419 non
1029 1362 1182 1419 dubitavit'

182 1425 286 1495 Martis
312 1435 464 1502 manubias
486 1438 585 1496 Musis
611 1457 790 1497 consecrare.
830 1439 995 1510 Quarejin
1015 1440 1073 1515 qua
1098 1442 1170 1499 urbe

92 1528 97 1533 “
182 1511 366 1593 imperatores
385 1517 596 1594 prope·armati
615 1521 767 1594 poetarum
786 1536 892 1576 nomen
908 1529 938 1576 et
958 1518 1108 1594 Musarum
1121 1521 1171 1577 de-

110 1633 112 1638 .
131 1598 170 1652 lu
181 1595 265 1654 ldh'ra
284 1596 444 1667 coluerunt,
459 1596 490 1654 in
504 1596 539 1653 eri
553 1616 610 1654 non
624 1595 732 1653 debent
751 1596 841 1673 togati
858 1596 974 1672 judices
988 1616 1008 1656 a
1019 1596 1169 1655 Musarum

182 1675 289 1733 honore
302 1684 332 1733 et
345 1694 363 1732 a
375 1679 525 1752 po'e‘tarum
539 1675 631 1733 salute
646 1675 808 1732 abhorrere.
1163 1711 1169 1714 ι

182 1754 329 1830 aAtque,
343 1765 376 1812 ut
389 1754 419 1812 id
431 1752 570 1812 libentius
583 1754 707 1824 faciatis,
718 1753 779 1829 jam
799 1772 847 1816 me
876 1754 1021 1850 ⁰ll⁸clhd
1057 1774 1128 1843 ‹Adn
1149 1755 1171 1811 i-

112 1833 118 1902 s
143 1879 148 1906 ,
175 1827 322 1910 {cabotqet
336 1834 372 1910 de
385 1851 450 1894 meo
470 1833 594 1914 quodam
612 1845 711 1890 'amore
731 1832 839 1909 gloriae,
875 1833 941 1890 unis‘
961 1774 1095 1892 aelflige
1142 1852 1170 1905 e,

101 1907 121 1936 ”
182 1921 370 1969 veruntamen
380 1905 512 1982 honesto,
526 1912 607 1969 vobis
621 1911 786 1969 confitebor.
790 1906 812 2006 j
827 1910 917 1983 Nam,
931 1911 1002 1987 quas
1015 1932 1061 1970 res
1074 1932 1126 1974 nos
1140 1912 1171 1969 in

109 2022 113 2026 -
130 1985 173 2049 ω’
184 1991 335 2049 consulatu
347 2001 444 2049 nostro
456 1990 604 2048 vobiscum
617 1989 713 2061 simul,
726 2010 778 2067 pro
790 1990 883 2048 salute
896 1991 980 2066 hujus
993 1987 1072 2048 urbis
1086 2002 1171 2067 atque
1211 2062 1217 2068 .

184 2069 306 2146 imperii,
321 2079 350 2129 et
362 2091 414 2147 pro
426 2069 485 2127 vita
505 2069 622 2140 civium,
635 2089 743 2145 proque
764 2069 897 2152 uniqersd
914 2068 1062 2150 republica
1082 2070 1172 2145 gessi·
1185 2074 1201 2094 '²
1216 2073 1235 2102 ·‘
1250 2065 1258 2094 ³
1312 2079 1318 2084 ’

184 2168 259 2220 mus,
280 2150 375 2227 attigit
395 2150 445 2208 hic
464 2148 602 2219 versibus,
625 2157 710 2223 atque
731 2147 876 2210 inchoavit
888 2141 911 2226 ἒξ
924 2148 1028 2223 quibus
1054 2148 1169 2219 auditis,

183 2226 262 2303 qudd
274 2229 346 2286 mibi
360 2247 526 2305 magnares
539 2237 568 2285 et
585 2227 717 2303 jucunda
729 2227 792 2285 visa
811 2238 864 2300 est,
879 2229 957 2285 hunc
973 2226 1009 2284 ad
1021 2226 1171 2303 perficien·
1274 2271 1290 2294 ,

184 2307 253 2364 dum
274 2309 402 2366 hortatus
422 2326 494 2364 sum.
536 2305 656 2363 Nullam
680 2306 758 2363 enim
778 2305 868 2364 virtus
895 2306 981 2363 aliam
1007 2306 1182 2363 mercedem,

131 2387 167 2439 25
183 2386 314 2444 laborum
339 2387 590 2463 periculorumque
612 2386 768 2457 desiderat,
791 2395 894 2461 praeter
920 2385 997 2443 hanc
1023 2385 1124 2442 laudis
1142 2393 1171 2447 et

184 2465 300 2539 gloria:
321 2465 378 2538 qud
392 2464 509 2538 quidem
523 2463 663 2533 detracta,
675 2461 799 2538 judices,
813 2464 883 2539 quid
903 2474 955 2534 est,
970 2464 1046 2540 quod
1066 2464 1096 2521 in
1116 2465 1170 2520 hoc

184 2553 244 2598 tam
263 2541 368 2617 exiguo
387 2542 452 2598 vitae
472 2540 627 2612 curriculo,
641 2551 670 2598 et
684 2550 744 2599 tam
757 2542 846 2615 brevi,
860 2543 949 2601 tantis
961 2561 1013 2601 nos
1027 2543 1057 2601 in
1070 2542 1171 2601 labori·
1273 2612 1276 2615 ᾗ

184 2621 238 2677 bus
251 2622 460 2677 exerceamus?
634 2625 639 2636 ¹
1318 2621 1321 2630 “

729 2669 765 2692 .„
954 2693 958 2696 ι

224 2695 322 2769 Certe,
336 2699 361 2755 si
380 2699 452 2776 nihil
474 2699 587 2756 animus
606 2700 785 2775 praesentiret
799 2701 829 2759 in
842 2699 996 2778 posterum,
1011 2711 1048 2772 et,
1063 2701 1097 2770 si,
1109 2699 1171 2773 qui-

131 2782 167 2836 30
184 2779 238 2835 bus
267 2773 432 2854 regionibus
460 2777 524 2836 vitae
552 2779 676 2854 spatium
707 2780 958 2857 circumscriptum
985 2789 1038 2850 est,
1062 2779 1170 2836 eisdem

184 2876 284 2918 omnes
303 2856 492 2933 cogitationes
511 2856 679 2916 terminaret
699 2877 784 2929 suas3
804 2878 868 2934 uec
882 2859 969 2932 tantis
982 2878 1013 2915 se
1027 2857 1171 2915 laboribus
1250 2923 1254 2932 Ι

186 2931 339 3012 frangeret,
352 2955 447 3010 neque
466 2945 508 2993 tot
527 2935 606 2993 curis
618 2936 782 3013 vigiliisque
804 2931 967 3024 angeretui,
981 2955 1075 3011 nequa
1088 2935 1171 2992 toties
1184 2955 1188 2966 Δ
1203 2957 1207 2964 ’
1239 2975 1243 2984 .
1317 2971 1321 2980 ι

185 3018 221 3074 de
241 3016 301 3074 vitai
330 3015 391 3092 ipsa
421 3015 581 3072 dimicaret.
599 3005 713 3086 (Nunc
740 3001 997 3092 insidet‘q‘daedam
1018 3016 1047 3072 in
1067 3014 1173 3089 optimo
1219 3009 1233 3074 ιζ
1246 3019 1299 3076 nin
1338 3017 1341 3076 ἶ

185 3116 300 3171 quoque
311 3096 410 3166 virtus,
418 3113 482 3170 quaa
495 3104 595 3152 noctes
603 3103 638 3151 ‘ct
647 3095 711 3152 dies
722 3096 850 3152 animum
863 3095 961 3172 gloriae
974 3093 1100 3177 stimulis
1106 3110 1172 3148 con·
1184 3127 1204 3178 Γ,
1211 3089 1236 3182 '‘,l
1340 3091 1341 3096 ’

132 3182 167 3234 35
185 3176 265 3247 citat,
281 3185 366 3251 atque
380 3174 882 3249 admonet,noncuu1vitaetempore
896 3193 959 3231 essa
973 3163 1177 3230 dimittendus
1187 3179 1201 3192 ‘'
1222 3177 1249 3202 Λ

186 3254 485 3316 commemorationem
505 3253 630 3312 nominis
649 3254 749 3325 nostri,
764 3254 815 3311 sed
836 3271 904 3310 cum
917 3251 996 3309 omni
1009 3249 1173 3325 posteritate

186 3334 401 3406 adaquandum.
753 3339 756 3345 ’
1065 3379 1067 3382 ,

224 3410 296 3466 XII.
328 3410 378 3466 An
398 3409 465 3467 verb
485 3421 546 3467 tam
564 3410 644 3485 parvi
660 3408 749 3466 animi
763 3408 911 3465 videamur
925 3425 987 3463 esse
1000 3425 1110 3474 omnes,
1124 3403 1175 3477 qui

185 3488 216 3544 in
229 3485 387 3561 republica,
403 3497 489 3560 atque
508 3487 539 3544 in
560 3488 605 3548 his
624 3488 690 3543 vitae
709 3485 846 3560 periculis
865 3483 1068 3553 laboribusque
1081 3499 1176 3537 versa-

133 3575 168 3628 40
185 3584 258 3635 mur,
268 3573 309 3633 ut,
319 3562 398 3633 cum,
408 3583 498 3638 usque
508 3566 544 3620 ad
554 3575 714 3621 extremum
724 3561 857 3637 spatium,
867 3558 978 3617 nullum
988 3558 1175 3632 tranquillum

186 3655 271 3719 atque
290 3642 412 3704 otiosum
433 3641 563 3717 spiritum
584 3638 759 3710 duxerimus,
773 3639 924 3696 nobiscum
938 3635 1023 3694 simul
1038 3636 1176 3693 morituro

184 3722 283 3782 omnia
312 3719 505 3778 arbitremurl
546 3719 606 3789 An,
634 3717 701 3781 cum
735 3726 845 3774 statuas
875 3727 904 3774 et
934 3715 1087 3793 imagines
1117 3734 1173 3771 non

186 3802 346 3861 animorum
373 3799 538 3867 simulacra,
559 3798 611 3856 sed
638 3815 798 3873 corporum,
819 3794 954 3856 studiose
968 3795 1052 3864 multi
1072 3791 1175 3863 summi

1334 3537 1341 3570 t
