2692 4484
84 280 87 291 ¹
128 307 170 365 oo
405 302 542 353 οιιιιο
563 301 634 352 rao
655 299 797 350 anema
819 299 948 349 roasa.

181 445 269 504 etiam
289 445 349 505 suis
374 444 529 503 tradituros
554 463 618 502 esse
638 443 759 502 confido.
801 441 930 532 Corpora
947 462 1017 501 vero
1037 463 1100 516 sua,
1120 465 1175 522 pro

181 526 274 583 salute
287 542 388 600 regum
401 542 528 594 suorum,
542 523 573 581 hi
592 522 682 598 legati
701 520 755 579 tibi
774 522 849 597 regii
868 522 995 592 tradunt,
1010 522 1127 596 Hieras,
1143 534 1175 582 et

182 603 353 669 Blesamius
366 611 396 660 et
416 603 591 692 Antigonus,
605 601 659 658 tibi
677 599 816 675 nobisque
828 600 963 658 omnibus
973 595 1088 691 jamdiu
1098 603 1204 683 noti,

182 683 340 756 eademque
361 681 418 739 fide
438 691 468 738 et
488 681 591 738 virtute
610 678 748 755 praeditus
767 677 920 754 Dorylius,
934 679 985 768 qui
994 699 1089 771 nuper
1102 672 1173 739 cum

146 755 275 818 5Ηιιιιι
285 760 407 849 ‘legatus
426 769 470 818 est
491 760 527 817 ad
547 769 576 817 te
596 758 710 828 missus,
724 766 785 814 tum
799 775 901 833 regum
916 757 1094 831 amicissimi,
1108 771 1173 816 tum
1197 752 1231 841 'j

181 840 234 897 tibi
254 838 351 908 etiam,
368 845 404 896 ut
430 857 522 915 spero,
541 836 661 914 probati.
703 834 829 911 Exquire
850 836 887 895 de
914 836 1067 908 Blesamio,
1088 856 1174 895 num·

161 918 249 993 ιιιιίιι
270 918 307 973 ad
327 936 425 993 rogem
446 926 547 975 contra
567 915 738 992 dignitatem
763 923 843 971 tuam
867 913 1021 991 scripserit.
1064 916 1173 975 Hieras

181 995 297 1071 quidem
317 1014 436 1053 causam
455 1013 571 1054 omnem
590 993 719 1083 suscipit,
733 1002 763 1050 et
783 993 954 1051 criminibus
967 994 1024 1060 illis
1036 1015 1096 1092 pro
1100 1014 1172 1072 rege
1265 1021 1270 1025 ·

181 1094 213 1133 sc
240 1073 371 1168 supponit
399 1093 497 1132 reum:
527 1072 696 1131 memoriam
725 1081 806 1129 tuam
833 1071 974 1148 implorat,
1003 1073 1059 1149 quii
1091 1074 1172 1131 vales

130 1151 165 1204 10
181 1149 353 1231 plurimum.
374 1162 462 1242 negat
468 1169 602 1244 unquam
620 1170 651 1208 se
671 1170 690 1207 a
707 1160 738 1208 te
758 1150 789 1208 in
809 1149 941 1208 Deiotari
953 1153 1109 1210 tetrarchia
1121 1172 1172 1228 pe-
1234 1212 1236 1214 .

181 1233 249 1289 dem
262 1230 445 1289 discessisse:
467 1230 610 1307 inprimis
623 1229 730 1287 finibus
743 1229 797 1287 tibi
817 1248 849 1286 se
869 1240 972 1305 praesto
986 1230 1073 1288 fuisse
1087 1231 1169 1302 dicit,
1245 1282 1258 1296 „

182 1329 272 1386 usque
293 1310 330 1366 ad
350 1309 465 1406 ultimos
483 1318 683 1398 prosecutum:
705 1305 773 1365 oiim
787 1327 804 1365 e
817 1307 922 1366 balneo
941 1307 1057 1380 exisses,
1071 1319 1170 1367 tecum
1257 1352 1260 1355 Α

181 1409 213 1447 se
227 1388 324 1460 fuisse,
339 1385 408 1446 caim
421 1388 471 1446 illa
483 1406 605 1446 munera
618 1386 789 1462 inspexisses
809 1397 949 1458 coenatus,
964 1385 1032 1446 cium
1046 1388 1075 1446 in
1090 1387 1171 1445 cubi-

182 1468 248 1526 culo
266 1433 466 1537 ιιιιιιιιιιιιιιιι
487 1467 666 1541 eandemque
688 1464 884 1522 assiduitatem
902 1432 956 1523 tib'i
969 1485 1001 1524 se
1013 1467 1170 1543 praebuisse

85 1616 88 1627 Ι
130 1541 164 1596 15
180 1547 325 1636 postridie.
365 1510 574 1617 Quamobrem,
595 1544 621 1602 si
638 1543 710 1633 quid
737 1562 846 1614 eorum,
866 1563 930 1620 quae
957 1544 1071 1621 objecta
1092 1554 1169 1616 sunt,

182 1626 339 1702 cogitatum
361 1624 408 1695 sit,
428 1643 488 1682 non
509 1633 635 1694 recusat,
657 1622 743 1711 quin
752 1621 782 1679 id
808 1621 923 1687 facinus
943 1642 1027 1680 suum
1046 1623 1169 1699 judices
1258 1635 1263 1639 ’

180 1703 341 1773 Quocirca,
355 1668 411 1759 Cai
432 1701 541 1773 Cesar,
555 1702 641 1760 velim
661 1699 817 1771 existimes,
832 1700 971 1759 hodierno
989 1702 1037 1761 die
1053 1712 1170 1760 senten·

181 1782 253 1838 tiam
272 1791 362 1851 tuam,
383 1790 433 1837 aut
453 1799 522 1838 cum
548 1798 661 1838 summo
689 1779 831 1838 dedecore
851 1779 1041 1838 miserrimam
1059 1791 1170 1857 pestem

181 1858 397 1937 importaturam
410 1878 474 1917 esse
484 1859 611 1936 regibus,
623 1867 672 1916 aut
682 1856 858 1916 mcolumem
867 1857 974 1916 famam
985 1877 1052 1917 cum
1059 1860 1168 1930 salute

128 1940 165 1995 m
181 1956 302 2014 quorum
316 1938 438 1996 alterum
450 1947 559 2014 optare,
570 1938 685 1996 illorum
695 1936 875 1995 crudelitatis
887 1947 949 1994 ιιι.
971 1938 1092 1995 alterum
1103 1957 1171 1997 con·

181 2035 305 2086 servare.
320 2016 481 2076 clementie
494 2026 561 2074 tue.
950 2050 953 2055 ι

493 2207 861 2239 m

563 2379 792 2461 ORATIO

646 2558 704 2596 PRO

270 2674 320 2747 A.
362 2672 577 2751 LICINIO
612 2677 837 2753 :ARCHIA
879 2675 1078 2750 POETA.

134 3070 136 3075 ,
213 2976 245 3085 I.
277 3028 311 3085 Sa
331 3030 466 3109 quidest
485 3030 516 3090 in
535 3048 583 3104 ms
603 3029 723 3121 ingenii,
739 3029 863 3120 judices,
877 2987 954 3125 quod
973 3031 1066 3092 sentio
1084 3027 1169 3106 quam

182 3107 219 3164 sit
232 3108 385 3185 exiguum3
408 3121 457 3168 aut
476 3111 502 3169 si
522 3129 579 3186 qua
599 3109 767 3169 exercitatio
787 3110 938 3182 dicendi,
930 3133 969 3171 ιιι
978 3113 1036 3189 qua
1053 3129 1100 3166 me
1113 3127 1171 3191 non
1203 3126 1210 3177 f
1235 3168 1254 3189 ,s

93 3260 98 3266 ·
182 3185 295 3246 inficior
314 3189 497 3250 mediocriter
518 3209 582 3253 esse
602 3194 764 3260 versatum;
786 3199 836 3247 aut
856 3191 881 3247 si
901 3157 1023 3268 iiujusce
1040 3190 1083 3248 rei
1098 3180 1191 3247 ratio'
1217 3178 1261 3203 '⁴‘

128 3276 164 3330 25
183 3258 288 3341 aliqua,
311 3270 386 3328 abo
368 3271 540 3404 pptimarum
564 3270 669 3327 artium
689 3235 792 3326 studiis
806 3288 842 3326 ac
860 3269 933 3327 disci
934 3270 1013 3347 plina
1032 3269 1171 3357 profecta,
1186 3252 1236 3323 t
1230 3274 1285 3309 ’τι

183 3345 270 3419 aqud
284 3365 371 3422 egon
402 3347 462 3406 lum
477 3349 613 3431 confiteor
634 3349 727 3407 aetatis
746 3365 818 3404 meae
837 3357 896 3404 tem
897 3368 951 3424 pus
971 3344 1171 3412 abhorruisse3
1186 3348 1258 3425 g

123 3452 126 3457 ,
183 3440 282 3479 earum
295 3443 391 3482 rerum
412 3426 541 3485 omnium
555 3427 629 3485 vel
621 3446 652 3517 ιιι
669 3425 770 3504 primis
783 3425 832 3481 hic
846 3425 884 3480 A.
898 3425 1031 3480 Licinius
1045 3387 1204 3488 fructurri
1218 3418 1268 3479 ι

182 3519 200 3556 a
222 3519 269 3558 me
290 3500 419 3579 repetere
439 3524 526 3582 prope
551 3525 604 3564 suo
623 3505 689 3582 jure
712 3502 805 3599 debet
791 3501 936 3593 wssam
949 3497 1043 3589 quoad
1066 3486 1172 3573 longis·
1285 3533 1288 3539 »

182 3577 254 3639 sime
267 3589 360 3670 potest
379 3602 461 3641 mens
480 3603 547 3643 mea
565 3586 709 3674 respicere
724 3568 868 3718 {patiam
865 3576 1007 3655 preteriti
1024 3576 1171 3653 temporis,
1270 3650 1273 3659 Δ
1330 3580 1333 3623 ⁸

129 3667 165 3722 3ο
182 3667 211 3714 ιι
229 3657 359 3733 pueritie
378 3663 547 3731 memoriam
567 3662 712 3721 recordari
762 3654 872 3728 timum,
893 3657 962 3715 inde
982 3674 1073 3732 usque
1093 3675 1169 3731 repe

182 3745 255 3808 tens,
269 3737 348 3796 huno
367 3740 451 3803 video
470 3742 542 3800 nihi
561 3741 730 3818 principem,
744 3748 774 3797 et
794 3739 830 3795 a'd
851 3702 1065 3829 suscipiendam
1085 3744 1115 3793 et
1136 3735 1172 3792 ad

183 3815 400 3893 ingrediendam
420 3821 560 3881 rationem
581 3821 682 3878 horum
704 3817 873 3891 studiorum,
887 3817 1039 3877 exstitisse.
1080 3811 1171 3877 Quod
1256 3830 1280 3847 ··
