2692 4484
151 271 192 331 50
424 268 562 318 ORATIO
583 268 654 318 PRO
677 268 775 318 LEGE
797 268 963 319 Manlum.

239 413 279 471 X.
301 411 379 470 Satis
392 412 464 469 mihi
477 412 568 469 multa
588 412 676 469 verba
697 410 801 469 fecisse
821 411 929 483 videor,
951 431 1040 487 quare
1061 415 1116 472 hoc
1129 415 1195 474 bel·

201 493 260 550 lum
274 502 348 549 esset
357 509 463 567 genere
477 491 538 566 ipso
551 492 757 561 necessarium,
767 491 966 566 magnitudine
979 493 1192 569 periculosum:

200 582 298 642 restat,
313 582 345 627 ut
357 571 394 626 de
409 571 577 645 imperatore
589 570 625 625 ad
639 569 669 626 id
684 568 789 644 bellum
804 568 968 646 deligendo,
983 590 1018 629 ac
1038 574 1126 629 tantis
1146 593 1193 631 rc-

201 650 254 707 bus
267 649 458 726 praeficiendo,
474 648 629 706 dicendum
641 667 706 705 esse
720 648 858 705 videatur.

168 739 187 791 5
240 727 368 798 Utinam,
380 727 523 799 Quirites,
538 727 660 784 virorum
683 726 798 784 sortium
819 737 904 802 atque
924 728 1121 786 innocentium
1142 750 1192 788 co-

200 807 278 883 piam
369 806 569 895 ΜΙιιειὶκὶῐθῑίει,
583 816 616 862 ut
629 806 693 863 haec
716 805 796 863 vobis
810 805 979 864 deliberatio
1000 807 1125 866 difficilis
1146 829 1191 866 es·

201 896 255 955 set,
269 905 288 960 q
326 903 423 942 mnam
436 880 617 961 potissimum
630 884 718 941 tantis
732 885 818 942 rebus
832 903 867 942 ac
880 895 961 942 tanto
974 885 1050 943 bello
1069 887 1189 962 praefici·

201 964 307 1022 endum
321 964 474 1040 putaretis!
504 964 594 1021 Nunc
615 961 694 1033 vero,
709 981 776 1019 cum
800 963 837 1020 sit
858 982 933 1020 unus
954 964 1010 1021 Cn.
1024 963 1188 1042 Pompeius,

200 1043 321 1119 quinon
334 1040 418 1100 modo
432 1061 530 1099 eorum
545 1042 703 1111 hominum,
716 1041 766 1116 qui
787 1061 866 1098 nunc
887 1052 964 1113 sunt,
985 1043 1115 1119 gloriam,
1136 1045 1187 1102 sed

155 1132 188 1185 10
201 1122 287 1179 etiarn
303 1120 479 1196 antiquitatis
489 1120 666 1190 memoriam,
680 1120 784 1177 virtute
805 1121 962 1197 superarit,
983 1141 1046 1197 quae
1068 1141 1114 1180 res
1133 1133 1187 1194 est,

201 1220 264 1277 quae
278 1199 446 1276 cujusquam
461 1199 589 1257 animum
602 1199 633 1257 in
647 1200 703 1255 hac
717 1198 806 1256 causti
820 1199 939 1257 dubium
962 1201 1058 1258 lacere
1076 1202 1186 1276 possiti

201 1280 266 1356 Ego
291 1279 369 1336 enim
390 1277 434 1336 sic
454 1278 594 1389 eniptimo,
617 1278 647 1335 in
649 1296 781 1367 (summo
802 1277 972 1354 imperatore
980 1289 1115 1363 >„quatuor
1132 1280 1188 1370 ists

201 1378 247 1417 res
261 1358 355 1433 inesse
365 1367 505 1449 pportere,
520 1344 679 1417 attonitam
687 1352 730 1414 iei
750 1356 893 1427 militaris,
907 1347 1185 1435 virtutem3‘auc‘tbrrl

201 1419 490 1508 tatemsfelicrtilem,
518 1434 609 1517 istuis
622 1436 709 1512 igitur
724 1436 779 1493 hoc
788 1436 903 1493 homine
911 1436 1046 1506 scientior
1060 1456 1187 1512 unquam

157 1522 187 1575 15
202 1527 252 1573 aut
265 1516 328 1586 fuit,
339 1525 388 1573 aut
395 1534 459 1572 esse
473 1508 592 1572 debuit?
612 1514 671 1590 qui,
681 1534 699 1572 e
711 1513 780 1572 ludo
789 1524 874 1590 atque
880 1515 1010 1590 pueritiae
1024 1515 1187 1590 disciplina,

201 1595 277 1667 bello
289 1594 423 1665 maximo,
438 1604 522 1669 atque
537 1582 686 1651 aderrimis
699 1593 837 1664 hostibus,
853 1594 890 1650 ad
909 1594 997 1670 patris
1019 1595 1187 1666 exercitum,

202 1684 286 1749 atque
301 1673 331 1730 in
344 1673 454 1730 militia
467 1672 660 1748 disciplinam,
668 1672 814 1749 profectus
827 1682 887 1743 est,
901 1673 951 1748 qui
959 1674 1086 1731 extrema
1095 1674 1188 1750 pueri·

200 1753 242 1809 tiri
256 1753 338 1809 miles
352 1752 405 1809 fuit
418 1751 522 1810 summi
536 1752 715 1828 imperatoris
723 1772 731 1821 ;
753 1751 871 1809 ineunte
892 1752 1085 1810 adolescentia
1099 1753 1189 1810 maxi·

201 1831 241 1889 mi
255 1830 315 1907 ipse
328 1831 470 1889 exercitiis
484 1832 651 1907 imperator3
673 1831 722 1906 qui
736 1828 840 1906 saepiirs
860 1849 928 1887 cum
948 1832 1028 1888 hoste
1048 1830 1187 1903 conflixit,

151 1912 187 1965 20
201 1909 287 1984 quim
300 1910 449 1985 quisquam
463 1929 530 1968 cum
545 1910 663 1967 inimico
677 1910 853 1968 concertavit
861 1928 869 1979 ;
889 1909 971 1985 plura
992 1910 1068 1967 bella
1088 1910 1187 1988 gessit,

200 1987 287 2065 quim
301 1982 401 2047 caeteri
412 1988 544 2066 legerunt
552 1990 569 2059 3‘
581 1988 677 2064 plures
697 1989 859 2064 provincias
881 1989 1016 2060 confecit,
1030 1987 1116 2064 quim
1137 1989 1187 2047 alii

201 2068 425 2143 concupiverunt
434 2088 441 2139 ;
450 2068 545 2204 {ujus
559 2068 753 2127 adolescentia
767 2068 803 2125 ad
817 2067 968 2125 scientiam
988 2068 1030 2125 rai
1043 2069 1186 2139 militaris,

201 2165 258 2205 non
281 2147 383 2205 alienis
402 2167 460 2223 prae
480 2148 562 2223 eptis,
585 2147 635 2204 sed
657 2147 720 2203 suis¹
744 2146 880 2223 imperiis,
902 2165 959 2204 non
982 2145 1186 2204 offensionibus

201 2225 279 2297 belli,
294 2227 344 2284 sed
358 2226 494 2298 victoriis,
510 2246 567 2284 non
582 2226 741 2302 stipendiis,
756 2225 807 2282 sed
827 2225 987 2301 triumphis
1001 2235 1044 2282 est
1064 2225 1192 2304 erudita.»

150 2301 186 2356 25
199 2304 289 2367 Quod
303 2305 426 2380 denique
440 2324 532 2380 genus
545 2305 613 2362 belli
627 2324 690 2362 esse
703 2314 804 2380 potest,
820 2304 849 2361 in
863 2324 919 2379 quo
940 2304 1021 2361 illurn
1036 2323 1094 2362 nou
1107 2325 1187 2362 exer·

201 2383 293 2440 cuerit
307 2383 419 2441 fortuna
432 2384 596 2457 reipublicae
605 2385 637 2440 'lu
646 2383 749 2453 civile,
760 2383 941 2454 Africanum,
951 2383 1185 2459 Transalpinum,

201 2460 404 2536 Hispaniense,
419 2460 539 2518 mixtum
560 2481 596 2519 ex
612 2428 777 2518 olivitatibus
800 2472 884 2537 atque
905 2480 941 2519 ex
962 2462 1186 2519 bellicosissimis

200 2538 373 2609 nationibus,
388 2538 500 2610 servile,
514 2540 616 2597 navale
630 2540 748 2611 bellum,
770 2541 849 2598 varia
862 2551 891 2598 et
903 2541 1016 2597 diversa
1036 2559 1143 2616 genera
1156 2551 1185 2598 et
1213 2561 1220 2572 ·

200 2617 339 2675 bellorum
353 2627 383 2675 et
396 2617 529 2689 hostium,
544 2639 601 2677 non
615 2617 708 2678 solum
722 2629 804 2695 gesta
817 2620 853 2676 ab
867 2621 923 2677 hoc
944 2638 1011 2688 uno,
1026 2621 1077 2676 sed
1098 2620 1185 2676 etiam

149 2703 186 2758 30
200 2695 342 2766 confecta,
356 2697 465 2754 nullam
479 2716 539 2755 rem
553 2718 616 2756 esse
638 2699 788 2756 declarant
809 2699 839 2755 in
853 2717 907 2755 usu
924 2697 1041 2755 militari
1054 2699 1185 2775 positam,

200 2795 263 2850 quae
278 2776 363 2851 hujus
376 2776 429 2832 riri
443 2776 593 2834 scientiam
608 2777 708 2854 fugere
721 2777 817 2853 possit.
1098 2791 1103 2800 ’

239 2853 296 2911 ΧΙ.
325 2854 392 2911 dam
413 2853 481 2912 verb
502 2856 600 2913 virtuti
622 2856 677 2913 Cn.
692 2856 822 2932 Pompeii
844 2874 906 2930 quae
927 2866 1019 2932 potest
1031 2875 1082 2932 par
1095 2856 1185 2913 oratio

200 2932 433 3009 inveniribquid
449 2943 502 3005 est,
516 2935 592 3008 quod
604 2935 755 3011 quisquam
774 2944 824 2992 aut
837 2934 957 3010 dignum
971 2934 1028 3007 illo,
1044 2945 1093 2992 aut
1106 2935 1185 2992 vobis

199 3032 313 3083 novum,
329 3022 378 3070 aut
392 3011 527 3088 cuiquam
541 3013 713 3093 inauditum,
727 3014 815 3090 possit
829 3013 950 3071 afferret
990 3014 1094 3089 Neque
1107 3014 1184 3071 enim

148 3094 184 3148 35
200 3091 255 3148 illae
269 3102 336 3150 sunt
349 3092 415 3150 solae
431 3092 550 3150 virtutes
563 3092 762 3169 imperatoriae,
783 3112 847 3168 quae
869 3091 957 3168 vulgo
977 3093 1184 3161 existimantur,

198 3168 278 3228 labor
292 3173 322 3229 iu
336 3172 460 3247 negotio,
475 3171 610 3230 fortitudo
631 3172 661 3229 in
682 3173 828 3248 periculis,
851 3172 992 3228 industria
1012 3172 1042 3229 in
1063 3170 1184 3246 agendo,

199 3249 332 3307 celeritas
345 3251 375 3308 in
390 3251 580 3321 conficiendo,
590 3251 747 3308 consilium
768 3251 799 3308 in
811 3249 1001 3326 providendo;
1022 3269 1084 3324 quar
1105 3259 1184 3305 tanta

199 3337 265 3383 sunt
280 3328 310 3384 in
324 3330 379 3385 hoc
393 3348 460 3399 uno,
481 3339 589 3404 quanta
611 3330 641 3385 in
658 3329 795 3386 ⁴omnibus
819 3327 936 3402 reliquis
957 3327 1184 3401 imperatoribus,

199 3423 269 3479 quos
283 3415 332 3461 aut
345 3406 469 3462 vidimus
483 3417 532 3463 aut
547 3407 718 3475 audivimus,
732 3405 928 3462 uon-fuerunt.

54 3502 60 3516 ¹
149 3480 184 3534 40
239 3480 337 3540 Testis
351 3493 394 3540 est
408 3482 503 3555 Italia,
517 3503 604 3559 quam
623 3483 671 3540 ille
686 3483 745 3557 ipse
758 3483 857 3553 victor,
873 3483 906 3540 L.
922 3479 1014 3549 Sulla,
1028 3479 1112 3555 hujus
1132 3483 1186 3540 vir-

198 3569 260 3619 tute
273 3571 303 3619 et
316 3561 444 3619 subsidio
457 3563 604 3621 confessus
624 3571 667 3618 est
688 3561 846 3618 liberatam.
888 3556 987 3617 Testis
1009 3568 1052 3615 est
1073 3560 1184 3632 Sicilia,

199 3659 295 3714 quam,
309 3640 407 3697 multis
421 3640 547 3716 undique
561 3640 688 3698 cinctam
701 3638 846 3714 periculis,
855 3660 913 3698 non
927 3650 1034 3696 terrore
1048 3638 1126 3709 belli,
1135 3641 1191 3698 sed'

200 3719 347 3778 celeritate
362 3718 483 3790 consilii,
493 3718 653 3795 explicavit.
695 3717 794 3776 'Pestis
807 3729 850 3777 est
864 3718 976 3789 Africa,
991 3736 1065 3793 quae,
1074 3718 1187 3794 magnis

199 3817 332 3876 oppressa
345 3798 468 3857 hostiurn
483 3798 581 3875 copiis,
596 3816 694 3856 eorum
714 3797 838 3874 ipsorum
852 3798 993 3877 sanguine
1007 3796 1183 3857 redundavit
