2692 4484
183 292 221 350 16
447 290 583 340 ORATIO
605 290 639 340 11.
663 291 701 340 IN
722 291 753 340 1..
771 291 984 341 CATILINAM.

228 433 307 508 rique
317 431 475 508 jactantur,
490 432 515 488 si
536 451 640 508 aquam
660 434 788 509 gelidam
812 433 946 506 biberint,
969 433 1063 510 primo
1084 437 1206 496 relevari

228 512 368 582 videntur,
380 510 485 567 deinde
497 509 587 569 multd
598 510 717 588 ‘gravide
738 510 992 589 vehementibsque
1013 515 1185 574 afflictantur
1197 536 1206 587 ;

227 589 270 646 sic
284 590 332 646 hic
346 588 470 655 morbus,
480 588 530 663 qui
540 590 623 647 estin
636 590 796 665 republica,
806 591 949 650 relevatus
959 592 1043 650 istius
1051 595 1148 670 prend,
1159 615 1206 653 ve·

228 664 403 736 hamentiirs,
418 666 488 723 vivis
502 667 629 742 reliquis,
643 666 836 744 ingravescet.

195 747 213 800 5
266 745 378 816 Quare,
394 744 494 803 Patres
508 745 683 824 conscripti,
698 748 836 817 secedant
850 747 988 825 improbi;
1009 761 1204 809 secernantse

228 824 358 892 abonis;
380 842 471 880 uuum
491 823 521 880 in
535 823 633 881 locum
646 835 879 901 congregentur3
900 845 983 885 muro
1007 828 1131 904 denique
1147 829 1201 905 (id,

227 901 303 976 quod
317 920 392 977 saepe
403 902 465 977 jam
478 900 552 978 dixi)
567 913 756 960 secernantur
771 922 788 960 a
801 904 904 963 nobis:
925 906 1060 963 desinant
1074 908 1202 966 insidiari

228 980 305 1037 domi
319 999 377 1036 suae
391 980 512 1052 consuli,
527 980 716 1038 circumstare
726 981 850 1039 tribunal
865 985 992 1058 praetoris
1006 985 1118 1056 urbani,
1128 988 1204 1044 obsi·

227 1059 295 1116 dere
309 1076 375 1117 cum
386 1058 490 1133 gladiis
500 1058 621 1129 curiam,
632 1059 778 1117 malleolos
789 1070 817 1117 et
827 1060 906 1118 seces
917 1062 953 1119 ad
967 1062 1202 1122 inflammandam

179 1134 214 1188 10
227 1136 327 1193 urbem
341 1154 523 1211 comparare:
544 1137 582 1194 sit
595 1136 720 1211 denique
733 1137 902 1213 inscriptum
916 1139 946 1197 in
961 1141 1052 1198 fronte
1066 1142 1208 1205 uniuscu-,

231 1213 343 1289 jusque,
354 1214 423 1289 quid
434 1215 470 1271 de
480 1214 628 1291 republicai
639 1215 751 1272 sentiat
786 1215 928 1275 Pollicear
938 1219 993 1275 hoo
1004 1219 1091 1290 vobis,
1100 1219 1213 1287 Patres>

226 1291 399 1368 Conscripti,
414 1301 523 1350 tantam
537 1293 568 1351 iu
580 1293 663 1351 nobis
677 1294 843 1351 consulibus
856 1295 917 1354 fore
936 1297 1124 1372 diligentiam,
1139 1309 1202 1357 tan·

225 1380 285 1427 tam
299 1371 329 1429 in
343 1372 423 1429 vobis
437 1372 646 1443 auctoritatem,
660 1381 771 1430 tentam
785 1372 815 1431 in
829 1375 973 1448 equitibus
992 1375 1134 1434 Romanis
1146 1379 1201 1436 vir-

225 1458 326 1520 tutem,
340 1460 450 1507 tantam
464 1449 494 1507 in
513 1450 646 1508 omnibus
667 1451 749 1509 bonis
769 1453 996 1523 consensionem,
1011 1466 1052 1525 ut,
1066 1454 1200 1512 Catilinae

178 1522 211 1576 15
225 1528 410 1602 profectione,
423 1528 521 1587 omnia
539 1528 694 1605 patefacta,
716 1530 866 1601 illustrata,
886 1550 1029 1607 oppressa,
1043 1533 1199 1606 vindicata,

226 1624 289 1663 esse
302 1607 431 1665 videatis.

264 1685 356 1742 Hisce
369 1684 523 1756 ominibus,
538 1684 676 1757 Catilina,
690 1701 757 1743 cum
771 1685 884 1743 summai
894 1686 1059 1762 reipublice
1069 1689 1161 1747 salute
1171 1699 1199 1747 et

226 1781 293 1820 cum
306 1763 356 1821 turi
369 1773 448 1839 peste
463 1781 497 1821 ac
507 1763 645 1839 pernicie,
656 1782 780 1839 cumque
791 1771 890 1822 eorum
900 1765 987 1822 exitio
996 1765 1046 1839 qui
1059 1784 1091 1823 se
1101 1776 1199 1824 tecum

224 1841 303 1898 omni
316 1842 425 1899 scelere
437 1841 647 1916 parricidioque
658 1841 824 1917 junxerunt,
835 1842 1018 1918 proficiscere
1029 1845 1065 1901 ad
1079 1843 1199 1920 impium
1232 1838 1234 1853 '

175 1923 211 1976 'lb
226 1919 332 1976 bellum
347 1939 382 1976 ao
401 1920 551 1977 nefarium.
593 1920 729 1990 Tamtu,
753 1921 875 1997 Jupiter,
896 1921 947 1996 qui
970 1921 1082 1992 iisdem,
1096 1924 1200 1997 quibus

226 1999 289 2055 haec
302 1999 379 2069 urbs,
395 1998 530 2074 auspiciis
544 1997 699 2057 aRomulo
709 2018 740 2054 es
751 1999 941 2068 constitutus;
962 2018 1048 2074 quem
1057 2000 1199 2058 Statorem

225 2075 309 2151 hujus
329 2077 408 2134 urbis
429 2086 514 2152 atque
537 2075 649 2152 imperii
672 2074 740 2134 vere
763 2077 963 2147 nominamus;
992 2078 1069 2135 hunc
1092 2088 1122 2135 et
1149 2079 1201 2136 hu·

229 2153 275 2229 jus
295 2155 420 2213 sociosa
439 2156 496 2213 tuis
510 2155 567 2213 aris
581 2154 749 2229 ceterisque
769 2156 892 2232 templis,
917 2175 935 2214 a
956 2157 1041 2213 tectis
1064 2156 1144 2213 urbis
1164 2175 1200 2213 ac

193 2294 195 2298 Α
224 2233 376 2304 moenibus,
392 2252 409 2291 a
423 2233 480 2291 virt
495 2233 672 2308 fortunisque
683 2233 791 2291 civium
801 2235 939 2305 omnium,
951 2233 1079 2291 arcebis:
1100 2242 1130 2290 et
1141 2252 1200 2290 om·

174 2312 210 2366 25
224 2329 276 2368 nes
290 2312 421 2370 inimicos
441 2313 588 2383 bonorum,
610 2312 706 2370 hostes
725 2313 835 2389 patriae,
848 2313 973 2372 latrones
996 2311 1097 2383 Italiae,
1111 2312 1201 2368 scele·
1219 2324 1221 2327 ·

137 2387 140 2393 ’
224 2407 288 2446 rum
301 2390 409 2447 foedere
423 2390 497 2446 inter
510 2408 541 2446 se
556 2408 591 2447 ac
604 2390 716 2448 nefarii
736 2391 875 2448 societate
895 2391 1071 2466 coujuncms,
1086 2389 1200 2448 eternis

224 2466 371 2542 suppliciis
385 2466 462 2523 vivos
475 2475 656 2542 mortuosque
669 2467 819 2525 mactabis.

523 2683 896 2715 a

553 2848 782 2930 ORATIO
817 2846 905 2941 II.v

695 3050 722 3084 11«

454 3193 510 3268 L.
548 3193 966 3270 CATILINAM.
1025 3190 1027 3193 ’

266 3482 291 3540 Ι.
326 3480 466 3539 Tannum
489 3482 651 3557 aliquando,
664 3482 808 3553 Quirites,
828 3483 862 3540 L.
877 3480 1046 3553 Catilinam,
1060 3483 1202 3540 furentem

229 3560 361 3631 audacia,
375 3561 470 3617 scelus
492 3561 685 3630 anhelantem,
698 3570 808 3636 pestem
830 3559 928 3635 patriae
952 3559 1063 3618 nefarie
1087 3560 1203 3617 molien-

179 3645 214 3700 30
227 3651 296 3710 tem,
310 3638 391 3696 vobis
405 3648 489 3714 atque
502 3640 571 3697 huic
585 3638 649 3697 urbi
672 3639 779 3696 serrum
793 3637 994 3712 flammamque
1011 3638 1202 3709 minitantem,

208 3746 215 3755 ·
228 3738 264 3776 ex
277 3719 349 3776 urbe
363 3717 407 3774 vel
421 3717 568 3794 ejecimus,
583 3719 628 3776 vel
642 3716 800 3787 emisimus,
814 3716 869 3786 vel,
885 3716 977 3792 ipsum
997 3716 1203 3792 egredientem,

229 3797 588 3875 verbisprosecutisumus.
630 3796 725 3868 Abiit,
735 3795 867 3868 excessit,
879 3795 979 3868 evasit,
990 3794 1092 3872 erupit
1131 3793 1205 3853 Nul-
