2692 4484
408 294 544 407 orario
566 280 637 377 fito
659 293 693 387 o.
718 321 880 373 mcnmo.
1144 333 1186 392 γρ,

185 467 221 525 V.
255 466 319 544 Ego
336 464 405 525 verb
425 467 501 525 istud
521 486 580 525 non
598 465 720 543 postulo,
735 464 855 540 inquies.
885 463 946 549 'Ita
960 462 1134 549 (mehercle)

143 545 283 617 existimo,
298 546 435 604 Tubero:
456 546 522 621 nori
542 545 620 603 enim
640 555 686 613 te;
708 546 773 603 novi
790 556 916 620 patrem3
938 544 1004 603 novi
1019 546 1138 603 domam

142 642 304 701 nomenque
324 636 469 683 restrum:
491 610 733 698 studlb'librfique
753 625 866 700 generis
887 643 922 682 ac
943 623 1060 682 familia
1075 644 1137 682 res·
1194 652 1198 659 ·

142 711 203 772 trae,
217 704 340 775 virtutis,
356 703 555 775 humanitatis,
570 702 718 772 doctrina,
729 702 914 779 plurimarum
929 703 1035 761 artium
1048 714 1136 779 atque

34 824 37 828 Δ
140 781 325 857 optimarum,
344 794 414 842 nota
434 776 504 839 sunt
527 782 600 839 mihi
622 780 728 838 omnia
769 780 872 856 Itaque
895 781 974 840 certd
994 782 1065 854 scio,
1085 801 1135 840 vos
1169 786 1188 840 5

10 890 11 893 =
103 930 106 934 Α
141 879 201 917 uon
220 872 319 937 petere
333 861 531 939 sanguinem:
552 860 603 917 sed
616 877 718 935 parum
733 859 888 916 attenditis.
928 861 990 919 Res
1003 859 1137 919 enimsi

15 994 19 998 .
142 950 264 1014 spectat,
279 952 312 998 nt
326 941 362 999 erl
375 939 471 1016 pens,
486 939 515 996 in
530 938 588 1012 qud
603 938 699 994 adhuc
711 936 752 999 Q.
764 937 899 1014 Ligarius
912 938 957 1010 sit,
966 959 1024 999 non
1038 940 1135 998 videa·

73 1078 75 1083 ,
143 1019 214 1075 mini
239 1040 303 1078 esse
328 1018 465 1077 contenti.
505 1017 584 1078 Quae
606 1026 649 1081 est
673 1016 760 1092 igitur
784 1017 851 1087 alia,
870 1028 971 1092 praeter
990 1020 1133 1076 mortem?

63 1115 73 1125 ⁴
144 1097 178 1153 Si
199 1100 277 1157 enim
298 1098 329 1156 in
349 1096 450 1155 exsilio
470 1104 524 1166 est,
544 1076 630 1155 sibim
651 1104 705 1165 est,
729 1094 798 1170 quid
823 1095 944 1170 amplius
965 1097 1133 1171 postulatisl

145 1193 193 1245 an,
212 1196 251 1233 ne
272 1175 458 1252 ignoscaturl
487 1174 542 1232 lroc
561 1172 628 1230 verb
648 1172 739 1230 multo
760 1172 902 1243 acerbius,
920 1173 1068 1250 multdque
1091 1184 1134 1233 est
1152 1172 1186 1227 10

145 1253 256 1310 durius.
297 1254 387 1315 Quod
407 1273 458 1311 nos
477 1252 553 1311 domi
565 1250 698 1327 petimus,
711 1251 847 1327 precibus
861 1260 890 1308 et
902 1251 1045 1328 lacrymis,
1059 1273 1135 1329 pros·

8 1392 12 1405 ,
132 1332 215 1413 prati
237 1332 273 1388 ad
292 1333 388 1407 pedes,
403 1352 460 1389 uon
480 1335 537 1387 tam
558 1341 660 1387 nostrae
681 1348 783 1408 opus-Q
798 1329 929 1400 fidentes,
943 1331 1030 1403 quarn
1050 1333 1135 1407 hujus

51 1449 53 1451 ,
140 1409 331 1480 burnanitati,
352 1411 381 1466 id
407 1429 444 1467 ne
471 1409 664 1484 impetremus,
690 1408 856 1484 pugnabis?
895 1417 925 1464 et
950 1409 981 1465 in
1007 1420 1134 1467 nostrum

146 1485 247 1543 fletum
262 1489 421 1563 irrumpesl
448 1496 477 1543 et
495 1504 556 1556 nos,
568 1487 701 1561 jacentes
722 1487 758 1543 ad
778 1487 876 1561 pedes,
891 1486 1053 1562 supplicum
1066 1507 1135 1547 voce

144 1566 330 1639 prohibebis?
1140 1570 1186 1622 «15

186 1641 311 1710 Sicilm
326 1643 381 1700 hoc
395 1642 472 1700 domi
487 1642 659 1714 faceremus,
669 1644 745 1718 quod
759 1651 788 1700 et
802 1642 935 1714 fecimus,
946 1651 985 1713 et,
1000 1653 1033 1701 ut
1046 1663 1136 1720 spero,

144 1739 200 1777 non
234 1719 338 1778 frustra
366 1721 498 1792 fecimus,
518 1732 550 1779 tu
580 1720 736 1797 derepente
765 1721 925 1798 irrupisses‚
953 1732 983 1780 et
1010 1723 1135 1782 clamare

144 1799 289 1873 cepisses,
311 1800 374 1857 “C.
394 1799 503 1870 Caesar,
523 1818 593 1856 cave
614 1800 763 1876 ignoscas;
786 1819 866 1871 cave,
886 1810 917 1858 tc
936 1800 1064 1873 fratrum,
1085 1822 1135 1878 pro

83 1884 87 1887 ’
146 1876 239 1934 fratris
258 1878 350 1936 salute
369 1877 594 1949 obsecrantium,
614 1879 819 1949 misereatur;'’
842 1898 937 1937 nonne
954 1899 1069 1939 omnem
1084 1883 1135 1937 hn-

146 1956 312 2013 manitatem
339 1957 490 2015 exuissesl
524 1958 645 2018 Quanto
671 1958 727 2015 hoc
748 1958 858 2028 durius,
881 1959 956 2033 quod
979 1979 1031 2017 nos
1057 1960 1135 2017 domi
1151 1964 1187 2018 20

108 2099 114 2108 ,
143 2034 277 2109 petimus,
292 2035 322 2092 id
337 2046 396 2093 ate
410 2035 441 2092 in
455 2034 516 2093 foro
535 2036 709 2116 oppugnari!
741 2046 780 2107 et,
795 2037 825 2095 in
839 2036 891 2094 tali
904 2037 1022 2095 miseria
1035 2038 1135 2096 multo·

145 2131 218 2181 rum,
233 2113 396 2189 perfugium
409 2113 613 2170 misericordia
627 2114 742 2171 tollere!

185 2190 292 2247 Dicam
312 2189 408 2266 plane,
423 2190 479 2247 Gai
500 2190 608 2261 Cesar,
629 2192 705 2265 quod
724 2192 825 2265 sentio,
866 2194 909 2264 Si,
928 2194 959 2251 in
980 2195 1035 2252 hac
1055 2195 1135 2253 tanta

23 2329 28 2337 ,
145 2268 196 2325 tud
217 2267 340 2339 fortunia,
354 2268 458 2326 lenitas
477 2276 558 2326 tanta
577 2289 633 2327 non
655 2280 740 2340 esset,
761 2281 898 2346 quantam
917 2281 950 2330 tu
968 2293 1019 2349 per
1032 2283 1071 2344 te,
1084 2294 1135 2351 per

11 2362 14 2369 ·
67 2355 68 2359 ’
146 2356 185 2417 te,
201 2347 328 2422 inquam,
342 2347 464 2418 obtines,
480 2347 632 2425 (intelligo,
645 2348 714 2423 quid
727 2350 840 2428 loquar)
857 2352 1042 2409 acerbissimo
1055 2353 1135 2410 luctu
1151 2355 1189 2408 25

146 2425 322 2484 redundaret
342 2426 398 2484 ista
416 2426 545 2484 victoria.
586 2426 687 2488 Quam
701 2427 784 2486 multi
796 2429 874 2487 enim
887 2440 984 2487 essent
997 2431 1033 2488 de
1048 2432 1135 2489 ricto·

146 2504 235 2574 ribus,
256 2504 305 2578 qui
331 2514 360 2562 te
384 2505 530 2563 crudelem
554 2524 617 2562 esse
643 2505 759 2577 vellent,
781 2505 848 2564 crim
874 2502 970 2566 etiam*
986 2508 1022 2565 de
1050 2507 1133 2573 vittis

110 2624 112 2628 »
146 2582 342 2658 reperiantur!
364 2581 451 2658 quam
465 2584 558 2654 multi,
573 2584 632 2659 qui,
648 2583 716 2641 crim
738 2604 755 2642 a
774 2596 803 2643 te
822 2587 931 2645 nemini
952 2587 1063 2663 ignosci
1077 2590 1134 2646 vel-

146 2660 214 2732 lenl,
243 2662 413 2738 impedirent
436 2662 620 2720 clementiam
647 2673 737 2735 tuam,
766 2663 834 2721 crim
860 2664 946 2722 etiam
973 2666 1134 2741 ii,-quibus

148 2740 208 2816 ipse
222 2740 470 2816 ignovistirnolint
483 2751 512 2799 te
527 2741 556 2800 in
572 2742 642 2799 alios
656 2761 720 2800 esse
734 2742 966 2802 misericordem!
1150 2748 1187 2802 30

184 2817 280 2915 ζὶιιὸόγ
303 2820 327 2876 si
353 2821 473 2895 probare
500 2818 610 2877 Caesari
631 2840 790 2897 possemus,
812 2822 841 2879 in
862 2823 964 2880 Africa
985 2822 1134 2899 Ligarium

147 2885 262 3037 obrrgpo
281 2918 339 2955 non
354 2898 457 2968 fuisse3
479 2900 503 2955 si
518 2900 636 2957 honesto
649 2910 679 2957 et
692 2901 871 2957 misericordi
885 2901 1036 2959 mendacio
1049 2903 1134 2961 saluti
1234 2888 1290 3017 ss

106 2969 109 2985 ¹
147 2976 202 3032 civi
246 2976 404 3034 calamitosi
434 2977 597 3034 consultum
623 2998 687 3035 esse
709 2976 864 3074 vellemus)
895 2988 992 3037 tamen
1012 2981 1135 3038 hominis

147 3073 204 3112 non
222 3056 309 3125 esset,
325 3055 354 3111 in
375 3065 455 3113 tanto
475 3055 641 3113 discrimine
662 3065 691 3114 et
710 3057 840 3133 periculo
861 3056 941 3127 civis,
956 3058 1086 3115 refellere
1107 3068 1135 3115 et

147 3151 304 3207 coarguere
331 3143 459 3190 nostrum
486 3135 688 3192 mendacium:
716 3146 755 3206 et,
777 3136 802 3192 si
822 3145 898 3193 esset.
922 3135 1053 3210 alicujus,
1074 3136 1136 3211 ejus
1152 3144 1187 3197 35

147 3208 227 3268 certe
243 3230 300 3269 non
314 3222 399 3282 esset,
414 3211 463 3287 qui
484 3212 514 3270 in
534 3212 637 3269 eddam
652 3215 741 3270 causa
754 3223 783 3272 et
798 3213 942 3299 fortunrl[
959 3214 965 3226 '
997 3224 1034 3271 et.
1076 3215 1135 3285 Sed

16 3353 20 3362 .
147 3299 244 3346 tamen
265 3290 343 3346 aliud
364 3300 407 3347 est
425 3310 522 3348 errare
543 3289 689 3349 Caesarem
709 3294 794 3363 nolle,
810 3293 927 3350 aliudn
971 3358 973 3360 ,
1083 3294 1132 3353 eri.

109 3372 115 3383 '
147 3363 232 3425 Tum*
240 3368 362 3440 diceres,
377 3375 396 3403 “
406 3369 494 3441 Cave,
510 3370 618 3439 Caesar,
634 3370 754 3428 credas:
776 3372 830 3429 fuit
850 3371 880 3428 in
901 3372 1003 3430 Africa

112 3454 115 3459 '
147 3465 196 3502 us:
217 3442 281 3504 tulit
297 3465 377 3504 arma
391 3457 490 3506 contra
503 3449 560 3505 te.''
582 3478 585 3484 .
603 3447 693 3506 Nunc
707 3450 776 3525 quid
790 3450 883 3508 dicisl
917 3450 1027 3509 “Cave
1041 3452 1141 3529 ignos'

65 3520 69 3526 ¹
147 3527 223 3582 cas.'’
266 3524 341 3583 Haec
364 3546 420 3583 nec
447 3526 581 3598 hominis,
601 3547 657 3585 nec
680 3528 715 3585 ad
736 3528 891 3602 hominem,
911 3549 964 3587 vox
984 3544 1044 3588 est:
1076 3533 1133 3605 quia
1147 3539 1186 3591 '40

146 3603 194 3678 qui
209 3604 282 3680 apud
296 3615 334 3675 te,
350 3605 405 3663 Gai
419 3604 528 3675 (iasar,
543 3615 649 3677 utetur,
663 3626 745 3665 suam
765 3606 853 3685 citiris
874 3608 991 3684 abjiciat
1005 3610 1135 3666 humani·

51 3687 54 3692 ’
147 3691 245 3753 tatem,
259 3681 344 3756 qudm
359 3684 538 3759 extorquebit
550 3695 639 3743 tuam.

186 3759 240 3829 vl,
274 3761 320 3817 Ac
347 3762 456 3836 primus
483 3763 578 3819 aditus
597 3772 627 3819 et
645 3764 798 3838 postulatio
824 3763 989 3821 Tuberonis
1009 3764 1081 3833 haec,
1103 3772 1135 3817 ut

147 3837 255 3923 opinor,
269 3838 341 3905 fuit3
363 3841 435 3969 ve711e
448 3859 479 3897 se
493 3841 530 3897 de
548 3842 590 3901 Q.
605 3840 716 3929 Ligarii
730 3842 840 3898 scelere
854 3842 960 3907 dicere.
1002 3837 1070 3895 Non
1084 3839 1135 3895 du·
