2692 4484
730 309 1002 361 offirmo
1044 308 1186 358 rao
1230 307 1428 358 LEGE
1471 306 1809 358 Mamm.
2266 311 2348 370 57
2672 286 2674 356 ἶ

277 467 537 532 toresque
593 455 1004 533 capiebantur?
1066 450 1224 522 cum,
1282 471 1355 508 ex
1407 450 1675 509 omnibus
1726 449 2041 526 provinciis
2099 468 2251 509 com-

276 547 488 607 meatu,
516 545 575 593 et
610 535 828 612 privato
853 542 914 590 et
942 531 1194 609 publico,
1221 530 1705 607 prohibebamur?
1747 527 1883 586 cum
1928 529 2010 586 ita
2049 529 2252 588 clausa

276 626 438 673 erant
476 614 641 672 nobis
677 612 873 671 omnia
911 610 1115 681 maria,
1146 619 1210 665 ut
1248 627 1438 683 neque
1462 608 1740 684 privatam
1767 626 1889 666 rem
1917 608 2251 666 transmari-

274 713 428 764 nam,
457 685 643 767 neque
669 690 982 768 publicam,
1005 689 1127 765 jam
1153 688 1315 745 obire
1339 688 1673 763 possemus?

351 771 589 830 XVIII.
654 770 810 832 Quae
851 768 1056 826 civitas
1099 776 1269 824 antea
1295 784 1547 840 unquam
1575 766 1703 836 fuit,
1734 762 1877 841 (non
1902 765 2037 823 dico
2064 765 2249 823 Athe-
2314 767 2352 820 5

247 860 257 873 ‘
337 851 582 921 ensium,
624 867 750 924 quae
807 847 947 905 satis
1000 843 1119 903 late
1162 845 1450 919 quondam
1506 863 1564 900 m
1716 843 1969 978 ῐειξβεε
2008 843 2245 916 dicitur,

234 904 389 986 bnon
442 925 1032 1005 Carthaginiensium,
1073 923 1173 998 qui
1218 863 1792 1011 permultumffiaffs‘e'
1893 922 2248 997 aritimisque
2344 933 2351 937 “

273 1009 447 1065 rebus
474 1008 796 1075 valuerunt,
824 1023 940 1062 non
981 1002 1365 1072 Rhodiorum,
1395 1014 1632 1074 quorum
1673 1019 1854 1075 usque
1896 1002 1968 1057 ad
1995 1011 2247 1059 nostram

275 1086 613 1143 memoriam
653 1083 959 1158 disciplina
997 1080 1217 1138 navalis
1255 1090 1314 1137 et
1353 1079 1533 1156 gloria
1559 1079 1858 1158 remansit)
1889 1098 2015 1153 quae
2044 1080 2247 1138 civitas

276 1177 436 1239 unqu
482 1234 495 1243 f
538 1232 546 1244 ἦ
577 1173 748 1229 antea
786 1171 906 1218 tam
945 1170 967 1217 t
1004 1158 1155 1296 ng,
1190 1177 1315 1233 quae
1356 1168 1474 1215 tam
1512 1177 1687 1234 parva
1726 1158 1913 1217 insula
1953 1158 2077 1229 fuit,
2120 1178 2246 1235 quae
2283 1154 2352 1208 10

277 1263 393 1300 non
422 1183 637 1318 &tus
655 1238 807 1310 ehoe,
836 1248 895 1296 et
933 1179 1035 1323 ᾧ
1101 1283 1117 1309 ,
1132 1246 1203 1295 'et
1238 1237 1490 1312 aliquam
1528 1247 1748 1313 partem
1789 1236 2037 1313 regionis
2078 1248 2247 1313 atque

281 1339 395 1377 orae
434 1319 757 1389 maritimae,
797 1337 897 1394 per
935 1336 997 1373 se
1038 1317 1158 1393 ipsa
1198 1317 1573 1374 defenderet?
1640 1316 1723 1373 At
1753 1314 2001 1394 (hercle)
2033 1315 2249 1391 aliquot

284 1417 466 1455 annos
507 1397 805 1455 continuos
844 1405 975 1479 ante
1012 1395 1201 1471 legem
1247 1394 1580 1465 Gabiniam,
1622 1394 1719 1451 ille
1827 1394 1995 1469 pulus
2033 1395 2250 1461 Roma-

278 1495 410 1562 an,
455 1457 638 1551 cujds,
681 1454 854 1562 usque
896 1471 967 1531 'ad
1023 1464 1276 1555 nosssfam
1322 1473 1679 1543 memoriam,
1720 1413 1930 1530 nQen
1971 1463 2247 1530 invictum

278 1554 338 1611 in
379 1544 678 1610 navalibus
713 1551 921 1628 pugnis
957 1560 1371 1627 permanserat,
1412 1551 1625 1628 magna
1669 1570 1739 1608 ac
1779 1549 1959 1608 multo
2000 1551 2250 1608 maxima
2271 1543 2352 1666 *15

273 1640 436 1709 parte
463 1650 578 1688 non
606 1629 775 1688 modo
804 1629 1087 1701 militantia,
1111 1631 1214 1687 sed
1243 1630 1541 1706 dignitatis
1563 1640 1733 1705 atque
1763 1629 2007 1704 imperii,
2029 1629 2249 1687 caruit:

275 1716 397 1781 no's,
439 1728 682 1785 quorum
721 1709 965 1784 majores
1018 1708 1381 1766 Antiochum
1433 1728 1630 1786 regem
1685 1708 1870 1765 classe
1925 1706 2252 1782 Persenque

273 1788 635 1864 superarunt,
675 1788 1054 1862 omnibusque
1107 1787 1409 1845 navalibus
1459 1788 1670 1862 pugnis
1723 1785 2251 1862 Carthaginienses,

275 1868 536 1925 homines
565 1866 625 1925 in
653 1865 955 1924 maritimis
982 1866 1155 1924 rebus
1187 1865 1694 1924 exercitatissimos
1731 1865 2252 1940 paratissimosque,
2314 1876 2322 1883 ·

276 1946 557 2016 vicerunt,
586 1945 629 2001 ii
655 1945 814 2014 nullo
853 1945 914 2002 in
953 1945 1083 2003 loco
1116 1943 1237 2020 jam
1275 1944 1640 2021 praedonibus
1678 1947 1858 2019 pares*
1878 1956 2009 2002 'osse
2033 1953 2255 2020 potera·
2285 1945 2359 2000 20

277 2043 422 2081 muS.
482 2023 632 2100 fiNos
657 2042 903 2098 quoque,
933 2023 1032 2097 qui
1061 2033 1232 2080 antea
1257 2043 1374 2080 non
1402 2020 1574 2081 modo
1616 2021 1847 2079 Italiam
1872 2031 2056 2079 tutam
2082 2021 2257 2078 habe-

190 2130 195 2135 ·
280 2102 504 2172 bamuS,
553 2103 655 2158 sed
694 2120 895 2160 omnes
934 2101 1119 2159 socios
1173 2102 1232 2157 in
1276 2101 1493 2157 ultimis
1535 2099 1652 2158 oris
1696 2100 2036 2159 auctoritate
2078 2099 2257 2158 nostri

282 2179 508 2256 imperii
549 2179 732 2237 salvos
771 2189 1040 2255 praestare
1078 2188 1438 2254 poteramus3
1478 2189 1622 2250 tum,
1653 2177 1789 2238 cum
1833 2177 2022 2238 insula
2059 2178 2256 2249 Delos,

282 2268 404 2315 tam
429 2257 630 2333 procul
671 2276 708 2314 a
743 2257 910 2315 nobis
950 2257 1010 2314 in
1052 2257 1257 2334 AEgaeo
1294 2257 1438 2315 mari
1477 2257 1681 2334 posita,
1709 2256 1825 2332 quo
1866 2276 2066 2316 omnes
2092 2257 2258 2315 undi-

244 2396 259 2421 s
284 2354 398 2410 que
425 2354 566 2407 cum
588 2336 879 2427 mercibus
915 2346 1084 2410 atque
1123 2336 1395 2394 oneribus
1434 2337 1853 2408 commeabant,
1881 2337 2091 2395 referta
2118 2335 2257 2392 divi·
2288 2336 2359 2391 25

196 2412 249 2490 Χ
283 2414 400 2485 tiis,
426 2404 774 2504 parvagsini}
800 2433 966 2472 muro
996 2414 1138 2472 nihil
1180 2414 1449 2484 timebat3
1493 2415 1667 2472 iidem
1694 2434 1809 2472 non
1837 2412 2008 2472 modo
2034 2414 2257 2491 provin-

282 2492 411 2563 ciis,
457 2502 625 2567 atque
675 2492 790 2550 oris
843 2491 1027 2549 Italiae
1066 2490 1390 2562 maritimis,
1437 2512 1506 2550 ac
1546 2493 1821 2569 portubus
1873 2493 2099 2563 nostris,
2149 2494 2253 2551 sed

280 2571 459 2630 etiam
499 2569 689 2647 Appia
737 2569 856 2646 jam
912 2570 1004 2627 via
1061 2570 1437 2629 carebamus:
1494 2582 1553 2629 et
1605 2571 1695 2629 his
1736 2572 2085 2647 temporibus
2135 2591 2251 2630 non

279 2649 533 2726 pudebat
573 2649 937 2746 magistratus
973 2648 1166 2725 populi
1207 2649 1483 2721 Romani,
1529 2649 1589 2707 in
1630 2652 1806 2727 hunc
1819 2650 2035 2745 ipsum·
2058 2651 2253 2729 locflm
2337 2654 2357 2668 ⁶

282 2728 614 2799 escendere,
642 2747 776 2785 cum
803 2747 934 2785 eum
964 2728 1123 2787 vobis
1163 2727 1407 2802 majores
1446 2728 1617 2787 vestri
1657 2727 1890 2814 exuyi‘is'
1914 2720 2178 2801 ‘n‘aiiticis
2197 2737 2256 2786 et
2286 2683 2363 2785 35

283 2805 555 2863 classium
582 2807 779 2884 spoliis
792 2817 1060 2873 ornatum
1088 2805 1469 2881 reliquissent.

244 2885 538 2945 asrxe.
608 2885 863 2944 Bono·te
907 2886 1099 2946 animo
1139 2884 1730 2957 tum,'Q‘.‘Hortensi,
1757 2885 2000 2963 populus
2040 2884 2258 2943 Roma-

225 2986 247 3001 ‘
284 2983 413 3035 nuS,
442 2973 501 3021 et
541 2973 776 3022 caeteros
801 2962 899 3038 qui
940 2974 1104 3023 erant
1144 2964 1204 3022 in
1247 2965 1455 3022 eadem
1492 2965 1800 3036 sententia,
1830 2964 2025 3022 dicere
2067 2963 2259 3022 existi-

264 3043 464 3099 .mavit
508 3060 599 3111 ea,
628 3060 753 3115 quae
795 3043 1160 3100 sentiebatis:
1193 3044 1325 3100 ,sed
1367 3053 1581 3113 tamen,
1612 3044 1673 3101 in
1716 3044 1900 3101 salute
1944 3041 2256 3112 communi,

266 3111 442 3177 lidem
481 3117 723 3254 populgs
759 3117 1060 3202 Romanus
1102 3119 1281 3177 dolori
1320 3140 1426 3178 suo
1467 3121 1689 3192 maluit,
1718 3120 1890 3196 quam
1935 3119 2259 3179 auctoritati
2291 3127 2362 3181 35

291 3207 514 3268 vestroe,
541 3197 639 3256 obt
676 3198 946 3272 inperare.
975 3202 980 3211 ¹
1026 3196 1234 3270 Itaque
1274 3216 1394 3254 una
1427 3198 1540 3269 lex,
1568 3218 1718 3256 unus
1744 3198 1848 3270 vir,
1876 3218 2026 3256 unus
2054 3217 2258 3269 annus,

291 3296 408 3335 non
436 3273 607 3333 modo
636 3294 740 3332 nos
766 3274 864 3331 illa
891 3274 1120 3334 miseria
1149 3294 1219 3333 ac
1247 3276 1599 3352 turpitudine
1618 3277 1914 3348 liberavit3
1957 3278 2058 3336 sed
2086 3276 2260 3336 etiam

291 3355 507 3426 effecit,
551 3364 613 3411 ut
654 3352 959 3427 aliquando
1013 3353 1145 3413 vere
1187 3355 1513 3414 videremur
1563 3355 1829 3414 omnibus
1882 3358 2149 3434 gentibus
2190 3376 2260 3415 ac

290 3433 621 3493 nationibus
646 3433 797 3501 terra
825 3432 1082 3509 marique
1110 3434 1408 3512 imper-are.
1672 3463 1676 3467 ·
2225 3502 2230 3508 ,

305 3536 313 3544 ‘
345 3510 508 3572 ‘Qun
536 3512 673 3568 mihi
709 3512 877 3568 stiam
909 3511 1201 3589 indignius
1229 3514 1454 3572 videtur
1484 3514 1866 3574 obtrectatum
1893 3536 2020 3574 esse
2050 3517 2260 3587 adhuc,
2294 3524 2366 3578 40

291 3593 540 3650 Gabinio
588 3596 797 3656 dicrum
829 3612 977 3652 :anne
1020 3592 1312 3669 Pompeio,
1364 3612 1437 3650 an
1481 3594 1749 3669 utrique?
1812 3593 1921 3672 (id,
1979 3595 2131 3668 quod
2177 3605 2265 3652 est

292 3676 508 3744 veriats]
544 3692 612 3728 un.
660 3676 941 3744 legra-[retur
985 3673 1060 3729 A.
1105 3671 1394 3729 Gabinius
1436 3672 1546 3730 Cn.
1576 3671 1850 3749 Pompeio
1876 3672 2165 3748 expetenti
2195 3692 2265 3730 ac

291 3752 636 3825 postulanti]
713 3752 913 3804 Uirium
945 3751 1058 3820 ille,
1088 3751 1185 3824 qui
1211 3751 1461 3826 postulat
1487 3751 1740 3828 legatum
1786 3752 1859 3810 ad
1898 3761 2123 3809 tantum
2150 3750 2268 3807 bel·-

296 3829 436 3896 lum,
468 3848 632 3900 quem
669 3828 813 3896 vat-lit,
849 3832 1084 3887 maneus
1123 3849 1240 3887 non
1282 3840 1390 3901 est,
1417 3829 1515 3904 qui
1559 3830 1842 3908 impetret,
1871 3827 2009 3887 cum
2049 3826 2267 3899 caeteri,
