<?xml version="1.0" encoding="UTF-8"?>
<!DOCTYPE html PUBLIC "-//W3C//DTD XHTML 1.0 Transitional//EN"
    "http://www.w3.org/TR/xhtml1/DTD/xhtml1-transitional.dtd">
<html xmlns="http://www.w3.org/1999/xhtml" xml:lang="en" lang="en">
 <head>
  <title>
</title>
<meta http-equiv="Content-Type" content="text/html;charset=utf-8" />
  <meta name='ocr-system' content='tesseract 3.04.00' />
  <meta name='ocr-capabilities' content='ocr_page ocr_carea ocr_par ocr_line ocrx_word'/>
</head>
<body>
  <div class='ocr_page' id='page_1' title='image "./orationesqudams02cicegoog/orationesqudams02cicegoog_0099.png"; bbox 0 0 2692 4484; ppageno 0'>
   <div class='ocr_carea' id='block_1_1' title="bbox 118 308 1244 3056">
    <p class='ocr_par' dir='ltr' id='par_1_1' title="bbox 118 308 1244 3056">
     <span class='ocr_line' id='line_1_1' title="bbox 139 308 945 382; baseline -0.001 -19"><span class='ocrx_word' id='word_1_1' title='bbox 139 322 180 382; x_wconf 73' lang='grc'>94</span> <span class='ocrx_word' id='word_1_2' title='bbox 405 313 541 363; x_wconf 81' lang='lat' dir='ltr'>ORATIO</span> <span class='ocrx_word' id='word_1_3' title='bbox 563 313 633 363; x_wconf 82' lang='lat' dir='ltr'>PRO</span> <span class='ocrx_word' id='word_1_4' title='bbox 653 308 796 363; x_wconf 71' lang='lat' dir='ltr'>nucula</span> <span class='ocrx_word' id='word_1_5' title='bbox 817 312 945 364; x_wconf 73' lang='lat' dir='ltr'>POETA.</span> 
     </span>
     <span class='ocr_line' id='line_1_2' title="bbox 260 412 554 461; baseline 0.003 -7"><span class='ocrx_word' id='word_1_6' title='bbox 260 438 265 447; x_wconf 84' lang='lat'><strong>·</strong></span> <span class='ocrx_word' id='word_1_7' title='bbox 316 412 321 425; x_wconf 77' lang='lat'><em>‘</em></span> <span class='ocrx_word' id='word_1_8' title='bbox 346 419 371 455; x_wconf 71' lang='lat' dir='ltr'>tt</span> <span class='ocrx_word' id='word_1_9' title='bbox 388 446 394 461; x_wconf 88' lang='lat'>,</span> <span class='ocrx_word' id='word_1_10' title='bbox 453 438 457 447; x_wconf 55' lang='grc' dir='ltr'><em>ν</em></span> <span class='ocrx_word' id='word_1_11' title='bbox 515 446 518 455; x_wconf 78' lang='grc'><em>,</em></span> <span class='ocrx_word' id='word_1_12' title='bbox 549 444 554 455; x_wconf 58' lang='lat' dir='ltr'>r</span> 
     </span>
     <span class='ocr_line' id='line_1_3' title="bbox 189 416 1186 534; baseline 0.004 -18"><span class='ocrx_word' id='word_1_13' title='bbox 189 441 277 534; x_wconf 64' lang='lat' dir='ltr'>ltfe‘pr</span> <span class='ocrx_word' id='word_1_14' title='bbox 290 428 485 528; x_wconf 59' lang='lat' dir='ltr'>u⁹reliciatnr,</span> <span class='ocrx_word' id='word_1_15' title='bbox 500 467 529 514; x_wconf 91' lang='lat' dir='ltr'>et</span> <span class='ocrx_word' id='word_1_16' title='bbox 550 475 643 527; x_wconf 84' lang='lat' dir='ltr'>aures,</span> <span class='ocrx_word' id='word_1_17' title='bbox 664 416 797 534; x_wconf 65' lang='lat' dir='ltr'>convicio</span> <span class='ocrx_word' id='word_1_18' title='bbox 820 457 949 528; x_wconf 69' lang='lat' dir='ltr'>defessas,</span> <span class='ocrx_word' id='word_1_19' title='bbox 964 458 1186 534; x_wconf 85' lang='lat' dir='ltr'>conquiescant.</span> 
     </span>
     <span class='ocr_line' id='line_1_4' title="bbox 191 535 1188 613; baseline 0.002 -18"><span class='ocrx_word' id='word_1_20' title='bbox 191 538 241 595; x_wconf 85' lang='lat' dir='ltr'>An</span> <span class='ocrx_word' id='word_1_21' title='bbox 254 548 285 594; x_wconf 94' lang='lat' dir='ltr'>tu</span> <span class='ocrx_word' id='word_1_22' title='bbox 299 536 445 594; x_wconf 82' lang='lat' dir='ltr'><strong>existimas</strong></span> <span class='ocrx_word' id='word_1_23' title='bbox 459 546 508 593; x_wconf 88' lang='lat' dir='ltr'>aut</span> <span class='ocrx_word' id='word_1_24' title='bbox 521 545 671 612; x_wconf 83' lang='lat' dir='ltr'>suppetere</span> <span class='ocrx_word' id='word_1_25' title='bbox 695 535 778 593; x_wconf 92' lang='lat' dir='ltr'>nobis</span> <span class='ocrx_word' id='word_1_26' title='bbox 797 555 890 612; x_wconf 83' lang='lat' dir='ltr'>posse,</span> <span class='ocrx_word' id='word_1_27' title='bbox 904 536 981 611; x_wconf 91' lang='lat' dir='ltr'>quod</span> <span class='ocrx_word' id='word_1_28' title='bbox 998 539 1126 613; x_wconf 88' lang='lat' dir='ltr'>quotidie</span> <span class='ocrx_word' id='word_1_29' title='bbox 1141 539 1188 597; x_wconf 91' lang='lat' dir='ltr'>di·</span> 
     </span>
     <span class='ocr_line' id='line_1_5' title="bbox 160 613 1244 697; baseline 0.002 -23"><span class='ocrx_word' id='word_1_30' title='bbox 160 684 163 697; x_wconf 35' lang='lat'>·</span> <span class='ocrx_word' id='word_1_31' title='bbox 192 635 307 691; x_wconf 69' lang='lat' dir='ltr'>camus„</span> <span class='ocrx_word' id='word_1_32' title='bbox 322 615 355 672; x_wconf 90' lang='lat' dir='ltr'>in</span> <span class='ocrx_word' id='word_1_33' title='bbox 377 615 460 671; x_wconf 70' lang='lat' dir='ltr'>tanta</span> <span class='ocrx_word' id='word_1_34' title='bbox 477 615 615 672; x_wconf 87' lang='lat' dir='ltr'>varietate</span> <span class='ocrx_word' id='word_1_35' title='bbox 642 632 748 685; x_wconf 88' lang='lat' dir='ltr'>rerum,</span> <span class='ocrx_word' id='word_1_36' title='bbox 769 614 825 673; x_wconf 87' lang='lat' dir='ltr'>nisi</span> <span class='ocrx_word' id='word_1_37' title='bbox 853 613 965 672; x_wconf 88' lang='lat' dir='ltr'>animos</span> <span class='ocrx_word' id='word_1_38' title='bbox 984 626 1094 674; x_wconf 73' lang='lat' dir='ltr'>nosnos</span> <span class='ocrx_word' id='word_1_39' title='bbox 1114 618 1187 676; x_wconf 91' lang='lat' dir='ltr'>doc-</span> <span class='ocrx_word' id='word_1_40' title='bbox 1238 686 1244 694; x_wconf 38' lang='grc'>,</span> 
     </span>
     <span class='ocr_line' id='line_1_6' title="bbox 191 689 1186 769; baseline 0.002 -17"><span class='ocrx_word' id='word_1_41' title='bbox 191 694 267 752; x_wconf 71' lang='lat' dir='ltr'>trina</span> <span class='ocrx_word' id='word_1_42' title='bbox 288 689 467 762; x_wconf 63' lang='lat' dir='ltr'>excolamus3</span> <span class='ocrx_word' id='word_1_43' title='bbox 490 702 539 750; x_wconf 85' lang='lat' dir='ltr'>aut</span> <span class='ocrx_word' id='word_1_44' title='bbox 559 692 634 750; x_wconf 82' lang='lat' dir='ltr'>ferre</span> <span class='ocrx_word' id='word_1_45' title='bbox 658 692 768 750; x_wconf 90' lang='lat' dir='ltr'>animos</span> <span class='ocrx_word' id='word_1_46' title='bbox 790 702 901 753; x_wconf 88' lang='lat' dir='ltr'>tantam</span> <span class='ocrx_word' id='word_1_47' title='bbox 922 713 1004 769; x_wconf 90' lang='lat' dir='ltr'>posse</span> <span class='ocrx_word' id='word_1_48' title='bbox 1024 696 1186 754; x_wconf 87' lang='lat' dir='ltr'>contentio-</span> 
     </span>
     <span class='ocr_line' id='line_1_7' title="bbox 159 770 1182 848; baseline 0.003 -18"><span class='ocrx_word' id='word_1_49' title='bbox 159 785 177 837; x_wconf 85' lang='lat'><strong>5</strong></span> <span class='ocrx_word' id='word_1_50' title='bbox 191 791 268 843; x_wconf 91' lang='lat' dir='ltr'>nem,</span> <span class='ocrx_word' id='word_1_51' title='bbox 282 772 338 830; x_wconf 91' lang='lat' dir='ltr'>nisi</span> <span class='ocrx_word' id='word_1_52' title='bbox 359 790 409 829; x_wconf 88' lang='lat' dir='ltr'>eos</span> <span class='ocrx_word' id='word_1_53' title='bbox 430 770 561 831; x_wconf 73' lang='lat' dir='ltr'>doctrinb</span> <span class='ocrx_word' id='word_1_54' title='bbox 582 771 686 828; x_wconf 67' lang='lat' dir='ltr'>eisdem</span> <span class='ocrx_word' id='word_1_55' title='bbox 703 772 885 828; x_wconf 81' lang='lat' dir='ltr'>relaxemusl</span> <span class='ocrx_word' id='word_1_56' title='bbox 919 770 984 848; x_wconf 88' lang='lat' dir='ltr'>Ego</span> <span class='ocrx_word' id='word_1_57' title='bbox 996 772 1065 831; x_wconf 80' lang='lat' dir='ltr'>verb</span> <span class='ocrx_word' id='word_1_58' title='bbox 1079 774 1182 845; x_wconf 82' lang='lat' dir='ltr'>fateor,</span> 
     </span>
     <span class='ocr_line' id='line_1_8' title="bbox 191 849 1183 927; baseline 0.002 -19"><span class='ocrx_word' id='word_1_59' title='bbox 191 869 238 909; x_wconf 87' lang='lat' dir='ltr'>me</span> <span class='ocrx_word' id='word_1_60' title='bbox 259 852 305 908; x_wconf 89' lang='lat' dir='ltr'>his</span> <span class='ocrx_word' id='word_1_61' title='bbox 326 850 428 927; x_wconf 70' lang='lat' dir='ltr'>studiis</span> <span class='ocrx_word' id='word_1_62' title='bbox 449 869 512 909; x_wconf 87' lang='lat' dir='ltr'>esse</span> <span class='ocrx_word' id='word_1_63' title='bbox 534 849 672 906; x_wconf 86' lang='lat' dir='ltr'>deditum.</span> <span class='ocrx_word' id='word_1_64' title='bbox 714 850 842 907; x_wconf 78' lang='lat' dir='ltr'>Ceteros</span> <span class='ocrx_word' id='word_1_65' title='bbox 862 851 979 925; x_wconf 87' lang='lat' dir='ltr'>pudeat,</span> <span class='ocrx_word' id='word_1_66' title='bbox 993 852 1019 908; x_wconf 92' lang='lat' dir='ltr'>si</span> <span class='ocrx_word' id='word_1_67' title='bbox 1032 852 1081 926; x_wconf 92' lang='lat' dir='ltr'>qui</span> <span class='ocrx_word' id='word_1_68' title='bbox 1095 852 1136 909; x_wconf 89' lang='lat' dir='ltr'>ita</span> <span class='ocrx_word' id='word_1_69' title='bbox 1149 873 1183 910; x_wconf 88' lang='lat' dir='ltr'>se</span> 
     </span>
     <span class='ocr_line' id='line_1_9' title="bbox 191 912 1183 1004; baseline 0.001 -17"><span class='ocrx_word' id='word_1_70' title='bbox 191 930 282 987; x_wconf 88' lang='lat' dir='ltr'>literis</span> <span class='ocrx_word' id='word_1_71' title='bbox 303 912 483 999; x_wconf 75' lang='lat' dir='ltr'>abdidertirit&#39;,</span> <span class='ocrx_word' id='word_1_72' title='bbox 498 938 531 985; x_wconf 87' lang='lat' dir='ltr'>ut</span> <span class='ocrx_word' id='word_1_73' title='bbox 550 927 622 985; x_wconf 90' lang='lat' dir='ltr'>nibil</span> <span class='ocrx_word' id='word_1_74' title='bbox 644 927 754 1004; x_wconf 75' lang='lat' dir='ltr'><strong>possint</strong></span> <span class='ocrx_word' id='word_1_75' title='bbox 775 947 811 986; x_wconf 83' lang='lat' dir='ltr'>er</span> <span class='ocrx_word' id='word_1_76' title='bbox 832 928 877 984; x_wconf 92' lang='lat' dir='ltr'>his</span> <span class='ocrx_word' id='word_1_77' title='bbox 894 947 989 1003; x_wconf 87' lang='lat' dir='ltr'>neque</span> <span class='ocrx_word' id='word_1_78' title='bbox 1004 931 1040 987; x_wconf 90' lang='lat' dir='ltr'>ad</span> <span class='ocrx_word' id='word_1_79' title='bbox 1054 949 1183 989; x_wconf 89' lang='lat' dir='ltr'>commu·</span> 
     </span>
     <span class='ocr_line' id='line_1_10' title="bbox 191 1006 1179 1084; baseline 0.003 -19"><span class='ocrx_word' id='word_1_80' title='bbox 191 1027 258 1065; x_wconf 90' lang='lat' dir='ltr'>nem</span> <span class='ocrx_word' id='word_1_81' title='bbox 273 1008 374 1066; x_wconf 85' lang='lat' dir='ltr'>afferre</span> <span class='ocrx_word' id='word_1_82' title='bbox 388 1008 523 1078; x_wconf 83' lang='lat' dir='ltr'>fructum,</span> <span class='ocrx_word' id='word_1_83' title='bbox 537 1025 631 1082; x_wconf 89' lang='lat' dir='ltr'>neque</span> <span class='ocrx_word' id='word_1_84' title='bbox 645 1007 676 1064; x_wconf 93' lang='lat' dir='ltr'>in</span> <span class='ocrx_word' id='word_1_85' title='bbox 690 1007 857 1083; x_wconf 78' lang='lat' dir='ltr'>adspectum</span> <span class='ocrx_word' id='word_1_86' title='bbox 871 1006 1023 1082; x_wconf 84' lang='lat' dir='ltr'>lucemque</span> <span class='ocrx_word' id='word_1_87' title='bbox 1036 1010 1179 1084; x_wconf 84' lang='lat' dir='ltr'>proferre:</span> 
     </span>
     <span class='ocr_line' id='line_1_11' title="bbox 131 1084 1181 1161; baseline 0.003 -18"><span class='ocrx_word' id='word_1_88' title='bbox 131 1132 136 1137; x_wconf 92' lang='lat'><strong>.</strong></span> <span class='ocrx_word' id='word_1_89' title='bbox 192 1106 239 1144; x_wconf 88' lang='lat' dir='ltr'>me</span> <span class='ocrx_word' id='word_1_90' title='bbox 261 1097 357 1145; x_wconf 89' lang='lat' dir='ltr'>autem</span> <span class='ocrx_word' id='word_1_91' title='bbox 375 1087 445 1161; x_wconf 89' lang='lat' dir='ltr'>quid</span> <span class='ocrx_word' id='word_1_92' title='bbox 457 1086 574 1161; x_wconf 86' lang='lat' dir='ltr'>pudeat,</span> <span class='ocrx_word' id='word_1_93' title='bbox 588 1085 637 1160; x_wconf 90' lang='lat' dir='ltr'>qui</span> <span class='ocrx_word' id='word_1_94' title='bbox 650 1095 693 1143; x_wconf 87' lang='lat' dir='ltr'>tot</span> <span class='ocrx_word' id='word_1_95' title='bbox 707 1103 796 1143; x_wconf 85' lang='lat' dir='ltr'>annos</span> <span class='ocrx_word' id='word_1_96' title='bbox 810 1084 852 1143; x_wconf 88' lang='lat' dir='ltr'>ita</span> <span class='ocrx_word' id='word_1_97' title='bbox 863 1085 937 1157; x_wconf 81' lang='lat' dir='ltr'>vivo,</span> <span class='ocrx_word' id='word_1_98' title='bbox 949 1086 1072 1161; x_wconf 74' lang='lat' dir='ltr'>judices,</span> <span class='ocrx_word' id='word_1_99' title='bbox 1086 1098 1127 1158; x_wconf 91' lang='lat' dir='ltr'>ut,</span> <span class='ocrx_word' id='word_1_100' title='bbox 1143 1090 1181 1146; x_wconf 88' lang='lat' dir='ltr'>ab</span> 
     </span>
     <span class='ocr_line' id='line_1_12' title="bbox 143 1165 1180 1241; baseline -0.002 -15"><span class='ocrx_word' id='word_1_101' title='bbox 143 1175 178 1235; x_wconf 77' lang='lat'>10</span> <span class='ocrx_word' id='word_1_102' title='bbox 192 1166 299 1224; x_wconf 90' lang='lat' dir='ltr'>nullius</span> <span class='ocrx_word' id='word_1_103' title='bbox 320 1183 447 1241; x_wconf 88' lang='lat' dir='ltr'>unquam</span> <span class='ocrx_word' id='word_1_104' title='bbox 466 1183 514 1221; x_wconf 94' lang='lat' dir='ltr'>me</span> <span class='ocrx_word' id='word_1_105' title='bbox 533 1173 659 1239; x_wconf 89' lang='lat' dir='ltr'>tempore</span> <span class='ocrx_word' id='word_1_106' title='bbox 678 1173 728 1221; x_wconf 87' lang='lat' dir='ltr'>sut</span> <span class='ocrx_word' id='word_1_107' title='bbox 740 1165 901 1235; x_wconf 89' lang='lat' dir='ltr'>commodo,</span> <span class='ocrx_word' id='word_1_108' title='bbox 916 1174 966 1221; x_wconf 90' lang='lat' dir='ltr'>aut</span> <span class='ocrx_word' id='word_1_109' title='bbox 978 1165 1069 1223; x_wconf 92' lang='lat' dir='ltr'>otium</span> <span class='ocrx_word' id='word_1_110' title='bbox 1082 1185 1180 1224; x_wconf 88' lang='lat' dir='ltr'>meum</span> 
     </span>
     <span class='ocr_line' id='line_1_13' title="bbox 153 1236 1181 1345; baseline 0.002 -43"><span class='ocrx_word' id='word_1_111' title='bbox 153 1236 165 1253; x_wconf 50' lang='lat'>⁸</span> <span class='ocrx_word' id='word_1_112' title='bbox 193 1244 371 1315; x_wconf 78' lang='lat' dir='ltr'>abstraxerit,</span> <span class='ocrx_word' id='word_1_113' title='bbox 386 1253 435 1302; x_wconf 88' lang='lat' dir='ltr'>aut</span> <span class='ocrx_word' id='word_1_114' title='bbox 448 1243 576 1320; x_wconf 85' lang='lat' dir='ltr'>voluptas</span> <span class='ocrx_word' id='word_1_115' title='bbox 597 1241 733 1345; x_wconf 46' lang='lat' dir='ltr'>avocffrit,</span> <span class='ocrx_word' id='word_1_116' title='bbox 748 1252 798 1300; x_wconf 94' lang='lat' dir='ltr'>ant</span> <span class='ocrx_word' id='word_1_117' title='bbox 818 1243 943 1319; x_wconf 85' lang='lat' dir='ltr'>denique</span> <span class='ocrx_word' id='word_1_118' title='bbox 963 1262 1080 1319; x_wconf 86' lang='lat' dir='ltr'>somnus</span> <span class='ocrx_word' id='word_1_119' title='bbox 1092 1255 1181 1304; x_wconf 86' lang='lat' dir='ltr'>retar-</span> 
     </span>
     <span class='ocr_line' id='line_1_14' title="bbox 192 1325 289 1382; baseline 0.01 -1"><span class='ocrx_word' id='word_1_120' title='bbox 192 1325 289 1382; x_wconf 74' lang='lat' dir='ltr'>daritt</span> 
     </span>
     <span class='ocr_line' id='line_1_15' title="bbox 230 1402 1180 1481; baseline -0.003 -16"><span class='ocrx_word' id='word_1_121' title='bbox 230 1404 333 1465; x_wconf 76' lang='lat' dir='ltr'>Quare</span> <span class='ocrx_word' id='word_1_122' title='bbox 351 1402 416 1479; x_wconf 90' lang='lat' dir='ltr'>quis</span> <span class='ocrx_word' id='word_1_123' title='bbox 436 1403 553 1460; x_wconf 87' lang='lat' dir='ltr'>taudem</span> <span class='ocrx_word' id='word_1_124' title='bbox 574 1421 621 1461; x_wconf 88' lang='lat' dir='ltr'>mc</span> <span class='ocrx_word' id='word_1_125' title='bbox 644 1404 917 1479; x_wconf 55' lang='lat' dir='ltr'>reprehendebant</span> <span class='ocrx_word' id='word_1_126' title='bbox 939 1403 1004 1479; x_wconf 89' lang='lat' dir='ltr'>quis</span> <span class='ocrx_word' id='word_1_127' title='bbox 1026 1404 1096 1462; x_wconf 91' lang='lat' dir='ltr'>mihi</span> <span class='ocrx_word' id='word_1_128' title='bbox 1115 1404 1180 1481; x_wconf 89' lang='lat' dir='ltr'>jure</span> 
     </span>
     <span class='ocr_line' id='line_1_16' title="bbox 192 1481 1181 1559; baseline 0.002 -20"><span class='ocrx_word' id='word_1_129' title='bbox 192 1493 373 1553; x_wconf 90' lang='lat' dir='ltr'>succenseat,</span> <span class='ocrx_word' id='word_1_130' title='bbox 387 1481 422 1552; x_wconf 93' lang='lat' dir='ltr'>si,</span> <span class='ocrx_word' id='word_1_131' title='bbox 436 1492 576 1556; x_wconf 89' lang='lat' dir='ltr'>qnantum</span> <span class='ocrx_word' id='word_1_132' title='bbox 589 1482 711 1553; x_wconf 85' lang='lat' dir='ltr'>caeteris,</span> <span class='ocrx_word' id='word_1_133' title='bbox 726 1483 763 1539; x_wconf 87' lang='lat' dir='ltr'>ad</span> <span class='ocrx_word' id='word_1_134' title='bbox 783 1501 850 1540; x_wconf 88' lang='lat' dir='ltr'>suas</span> <span class='ocrx_word' id='word_1_135' title='bbox 862 1502 909 1541; x_wconf 87' lang='lat' dir='ltr'>res</span> <span class='ocrx_word' id='word_1_136' title='bbox 921 1483 1080 1555; x_wconf 81' lang='lat' dir='ltr'>obeundas,</span> <span class='ocrx_word' id='word_1_137' title='bbox 1092 1502 1181 1559; x_wconf 89' lang='lat' dir='ltr'>quan-</span> 
     </span>
     <span class='ocr_line' id='line_1_17' title="bbox 145 1559 1182 1638; baseline 0.001 -21"><span class='ocrx_word' id='word_1_138' title='bbox 145 1564 178 1617; x_wconf 79' lang='grc'>15</span> <span class='ocrx_word' id='word_1_139' title='bbox 192 1571 254 1619; x_wconf 92' lang='lat' dir='ltr'>tum</span> <span class='ocrx_word' id='word_1_140' title='bbox 277 1562 314 1618; x_wconf 91' lang='lat' dir='ltr'>ad</span> <span class='ocrx_word' id='word_1_141' title='bbox 337 1560 424 1629; x_wconf 82' lang='lat' dir='ltr'>festos</span> <span class='ocrx_word' id='word_1_142' title='bbox 443 1559 505 1618; x_wconf 89' lang='lat' dir='ltr'>dies</span> <span class='ocrx_word' id='word_1_143' title='bbox 524 1560 657 1618; x_wconf 88' lang='lat' dir='ltr'>ludorum</span> <span class='ocrx_word' id='word_1_144' title='bbox 678 1560 875 1633; x_wconf 83' lang='lat' dir='ltr'>celebrandos,</span> <span class='ocrx_word' id='word_1_145' title='bbox 889 1571 1029 1638; x_wconf 88' lang='lat' dir='ltr'>quantum</span> <span class='ocrx_word' id='word_1_146' title='bbox 1050 1564 1086 1620; x_wconf 87' lang='lat' dir='ltr'>ad</span> <span class='ocrx_word' id='word_1_147' title='bbox 1109 1563 1182 1627; x_wconf 85' lang='lat' dir='ltr'>alias</span> 
     </span>
     <span class='ocr_line' id='line_1_18' title="bbox 192 1639 1182 1730; baseline 0.001 -34"><span class='ocrx_word' id='word_1_148' title='bbox 192 1641 358 1716; x_wconf 78' lang='lat' dir='ltr'>voluptates,</span> <span class='ocrx_word' id='word_1_149' title='bbox 372 1648 403 1705; x_wconf 83' lang='lat' dir='ltr'>et</span> <span class='ocrx_word' id='word_1_150' title='bbox 422 1639 459 1696; x_wconf 92' lang='lat' dir='ltr'>ad</span> <span class='ocrx_word' id='word_1_151' title='bbox 478 1639 569 1716; x_wconf 87' lang='lat' dir='ltr'>ipsam</span> <span class='ocrx_word' id='word_1_152' title='bbox 588 1640 718 1713; x_wconf 90' lang='lat' dir='ltr'>requiem</span> <span class='ocrx_word' id='word_1_153' title='bbox 740 1639 830 1697; x_wconf 91' lang='lat' dir='ltr'>animi</span> <span class='ocrx_word' id='word_1_154' title='bbox 849 1652 879 1698; x_wconf 92' lang='lat' dir='ltr'>et</span> <span class='ocrx_word' id='word_1_155' title='bbox 900 1641 1035 1730; x_wconf 82' lang='lat' dir='ltr'>eorporis,</span> <span class='ocrx_word' id='word_1_156' title='bbox 1049 1640 1182 1699; x_wconf 91' lang='lat' dir='ltr'>concedi·</span> 
     </span>
     <span class='ocr_line' id='line_1_19' title="bbox 193 1718 1180 1795; baseline 0 -18"><span class='ocrx_word' id='word_1_157' title='bbox 193 1729 239 1777; x_wconf 89' lang='lat' dir='ltr'>tur</span> <span class='ocrx_word' id='word_1_158' title='bbox 253 1730 428 1795; x_wconf 88' lang='lat' dir='ltr'>tempornm;</span> <span class='ocrx_word' id='word_1_159' title='bbox 449 1728 588 1793; x_wconf 88' lang='lat' dir='ltr'>quantum</span> <span class='ocrx_word' id='word_1_160' title='bbox 612 1718 662 1775; x_wconf 85' lang='lat' dir='ltr'>alii</span> <span class='ocrx_word' id='word_1_161' title='bbox 683 1718 814 1776; x_wconf 87' lang='lat' dir='ltr'>tribuunt</span> <span class='ocrx_word' id='word_1_162' title='bbox 831 1720 1008 1795; x_wconf 82' lang='lat' dir='ltr'>tempestivis</span> <span class='ocrx_word' id='word_1_163' title='bbox 1026 1719 1180 1788; x_wconf 84' lang='lat' dir='ltr'>conviviis;</span> 
     </span>
     <span class='ocr_line' id='line_1_20' title="bbox 194 1798 1182 1875; baseline -0.001 -20"><span class='ocrx_word' id='word_1_164' title='bbox 194 1807 333 1873; x_wconf 83' lang='lat' dir='ltr'>quantum</span> <span class='ocrx_word' id='word_1_165' title='bbox 352 1798 477 1872; x_wconf 90' lang='lat' dir='ltr'>denique</span> <span class='ocrx_word' id='word_1_166' title='bbox 498 1798 578 1868; x_wconf 67' lang='lat' dir='ltr'>aleas,</span> <span class='ocrx_word' id='word_1_167' title='bbox 593 1806 732 1871; x_wconf 87' lang='lat' dir='ltr'>quantum</span> <span class='ocrx_word' id='word_1_168' title='bbox 751 1798 835 1874; x_wconf 85' lang='lat' dir='ltr'>pilae;</span> <span class='ocrx_word' id='word_1_169' title='bbox 856 1808 968 1855; x_wconf 89' lang='lat' dir='ltr'>tantum</span> <span class='ocrx_word' id='word_1_170' title='bbox 983 1798 1054 1856; x_wconf 91' lang='lat' dir='ltr'>mihi</span> <span class='ocrx_word' id='word_1_171' title='bbox 1067 1807 1182 1875; x_wconf 86' lang='lat' dir='ltr'>egomet</span> 
     </span>
     <span class='ocr_line' id='line_1_21' title="bbox 195 1875 1182 1952; baseline -0.001 -18"><span class='ocrx_word' id='word_1_172' title='bbox 195 1878 231 1934; x_wconf 87' lang='lat' dir='ltr'>ad</span> <span class='ocrx_word' id='word_1_173' title='bbox 252 1878 317 1934; x_wconf 77' lang='lat' dir='ltr'>hnc</span> <span class='ocrx_word' id='word_1_174' title='bbox 338 1876 433 1934; x_wconf 88' lang='lat' dir='ltr'>studia</span> <span class='ocrx_word' id='word_1_175' title='bbox 453 1876 609 1934; x_wconf 85' lang='lat' dir='ltr'>recolenda</span> <span class='ocrx_word' id='word_1_176' title='bbox 629 1878 799 1952; x_wconf 83' lang='lat' dir='ltr'>sumpserol</span> <span class='ocrx_word' id='word_1_177' title='bbox 834 1876 932 1951; x_wconf 82' lang='lat' dir='ltr'>Atque</span> <span class='ocrx_word' id='word_1_178' title='bbox 948 1877 1004 1934; x_wconf 88' lang='lat' dir='ltr'>boc</span> <span class='ocrx_word' id='word_1_179' title='bbox 1022 1875 1095 1934; x_wconf 83' lang='lat' dir='ltr'>adeb</span> <span class='ocrx_word' id='word_1_180' title='bbox 1109 1875 1182 1934; x_wconf 89' lang='lat' dir='ltr'>mihi</span> 
     </span>
     <span class='ocr_line' id='line_1_22' title="bbox 118 1953 1183 2032; baseline -0.002 -17"><span class='ocrx_word' id='word_1_181' title='bbox 118 1956 180 2015; x_wconf 23' lang='lat'>⁴20</span> <span class='ocrx_word' id='word_1_182' title='bbox 195 1955 413 2014; x_wconf 85' lang='lat' dir='ltr'>concedendum</span> <span class='ocrx_word' id='word_1_183' title='bbox 435 1964 480 2013; x_wconf 89' lang='lat' dir='ltr'>est</span> <span class='ocrx_word' id='word_1_184' title='bbox 502 1955 604 2032; x_wconf 88' lang='lat' dir='ltr'>magis,</span> <span class='ocrx_word' id='word_1_185' title='bbox 625 1953 713 2030; x_wconf 82' lang='lat' dir='ltr'>qubd,</span> <span class='ocrx_word' id='word_1_186' title='bbox 732 1975 768 2013; x_wconf 85' lang='lat' dir='ltr'>er</span> <span class='ocrx_word' id='word_1_187' title='bbox 791 1955 836 2013; x_wconf 90' lang='lat' dir='ltr'>his</span> <span class='ocrx_word' id='word_1_188' title='bbox 859 1954 970 2026; x_wconf 83' lang='lat' dir='ltr'>studiis,</span> <span class='ocrx_word' id='word_1_189' title='bbox 984 1956 1048 2012; x_wconf 77' lang='lat' dir='ltr'>hec</span> <span class='ocrx_word' id='word_1_190' title='bbox 1069 1973 1183 2030; x_wconf 90' lang='lat' dir='ltr'>qnoque</span> 
     </span>
     <span class='ocr_line' id='line_1_23' title="bbox 151 2033 1184 2110; baseline -0.004 -17"><span class='ocrx_word' id='word_1_191' title='bbox 151 2042 158 2047; x_wconf 83' lang='lat'><strong>‘</strong></span> <span class='ocrx_word' id='word_1_192' title='bbox 194 2045 329 2093; x_wconf 88' lang='lat' dir='ltr'>censetur</span> <span class='ocrx_word' id='word_1_193' title='bbox 347 2034 439 2093; x_wconf 87' lang='lat' dir='ltr'>oratio</span> <span class='ocrx_word' id='word_1_194' title='bbox 458 2045 488 2092; x_wconf 92' lang='lat' dir='ltr'>et</span> <span class='ocrx_word' id='word_1_195' title='bbox 508 2034 647 2104; x_wconf 82' lang='lat' dir='ltr'>facultas3</span> <span class='ocrx_word' id='word_1_196' title='bbox 667 2053 742 2109; x_wconf 77' lang='lat' dir='ltr'>quta,</span> <span class='ocrx_word' id='word_1_197' title='bbox 756 2044 976 2110; x_wconf 86' lang='lat' dir='ltr'>quantacunque</span> <span class='ocrx_word' id='word_1_198' title='bbox 992 2033 1022 2090; x_wconf 93' lang='lat' dir='ltr'>in</span> <span class='ocrx_word' id='word_1_199' title='bbox 1036 2034 1093 2103; x_wconf 85' lang='lat' dir='ltr'>me,</span> <span class='ocrx_word' id='word_1_200' title='bbox 1108 2053 1184 2090; x_wconf 91' lang='lat' dir='ltr'>nun-</span> 
     </span>
     <span class='ocr_line' id='line_1_24' title="bbox 195 2111 1181 2190; baseline -0.002 -19"><span class='ocrx_word' id='word_1_201' title='bbox 195 2132 281 2188; x_wconf 88' lang='lat' dir='ltr'>qnam</span> <span class='ocrx_word' id='word_1_202' title='bbox 296 2114 455 2173; x_wconf 89' lang='lat' dir='ltr'>amicorum</span> <span class='ocrx_word' id='word_1_203' title='bbox 467 2112 605 2190; x_wconf 88' lang='lat' dir='ltr'>periculis</span> <span class='ocrx_word' id='word_1_204' title='bbox 618 2112 718 2171; x_wconf 83' lang='lat' dir='ltr'>deluit.</span> <span class='ocrx_word' id='word_1_205' title='bbox 759 2114 838 2175; x_wconf 79' lang='lat' dir='ltr'>Quae</span> <span class='ocrx_word' id='word_1_206' title='bbox 851 2113 876 2171; x_wconf 92' lang='lat' dir='ltr'>si</span> <span class='ocrx_word' id='word_1_207' title='bbox 889 2111 938 2170; x_wconf 92' lang='lat' dir='ltr'>cui</span> <span class='ocrx_word' id='word_1_208' title='bbox 950 2111 1038 2169; x_wconf 86' lang='lat' dir='ltr'>levior</span> <span class='ocrx_word' id='word_1_209' title='bbox 1051 2111 1181 2182; x_wconf 81' lang='lat' dir='ltr'>videtur3</span> 
     </span>
     <span class='ocr_line' id='line_1_25' title="bbox 196 2190 1181 2269; baseline -0.003 -19"><span class='ocrx_word' id='word_1_210' title='bbox 196 2193 245 2250; x_wconf 88' lang='lat' dir='ltr'>illa</span> <span class='ocrx_word' id='word_1_211' title='bbox 265 2193 382 2269; x_wconf 89' lang='lat' dir='ltr'>quidem</span> <span class='ocrx_word' id='word_1_212' title='bbox 400 2191 491 2263; x_wconf 76' lang='lat' dir='ltr'>certe,</span> <span class='ocrx_word' id='word_1_213' title='bbox 505 2211 568 2268; x_wconf 78' lang='lat' dir='ltr'>quas</span> <span class='ocrx_word' id='word_1_214' title='bbox 586 2210 699 2250; x_wconf 90' lang='lat' dir='ltr'>summa</span> <span class='ocrx_word' id='word_1_215' title='bbox 717 2202 793 2264; x_wconf 90' lang='lat' dir='ltr'>sunt,</span> <span class='ocrx_word' id='word_1_216' title='bbox 807 2211 843 2249; x_wconf 85' lang='lat' dir='ltr'>ex</span> <span class='ocrx_word' id='word_1_217' title='bbox 862 2210 919 2268; x_wconf 93' lang='lat' dir='ltr'>quo</span> <span class='ocrx_word' id='word_1_218' title='bbox 939 2190 1016 2248; x_wconf 85' lang='lat' dir='ltr'>fonte</span> <span class='ocrx_word' id='word_1_219' title='bbox 1039 2190 1181 2262; x_wconf 88' lang='lat' dir='ltr'>hauriam,</span> 
     </span>
     <span class='ocr_line' id='line_1_26' title="bbox 195 2268 1184 2347; baseline -0.003 -18"><span class='ocrx_word' id='word_1_220' title='bbox 195 2273 296 2329; x_wconf 87' lang='lat' dir='ltr'>sentio.</span> <span class='ocrx_word' id='word_1_221' title='bbox 337 2270 425 2342; x_wconf 87' lang='lat' dir='ltr'>Nam,</span> <span class='ocrx_word' id='word_1_222' title='bbox 439 2271 496 2329; x_wconf 87' lang='lat' dir='ltr'>nisi</span> <span class='ocrx_word' id='word_1_223' title='bbox 516 2271 670 2329; x_wconf 90' lang='lat' dir='ltr'>multorum</span> <span class='ocrx_word' id='word_1_224' title='bbox 687 2270 838 2347; x_wconf 74' lang='lat' dir='ltr'>preceptis</span> <span class='ocrx_word' id='word_1_225' title='bbox 853 2268 1008 2344; x_wconf 88' lang='lat' dir='ltr'>multisque</span> <span class='ocrx_word' id='word_1_226' title='bbox 1027 2268 1118 2326; x_wconf 86' lang='lat' dir='ltr'>literis</span> <span class='ocrx_word' id='word_1_227' title='bbox 1130 2268 1184 2326; x_wconf 92' lang='lat' dir='ltr'>mi·</span> 
     </span>
     <span class='ocr_line' id='line_1_27' title="bbox 145 2348 1184 2427; baseline 0 -22"><span class='ocrx_word' id='word_1_228' title='bbox 145 2352 182 2405; x_wconf 68' lang='lat'>25</span> <span class='ocrx_word' id='word_1_229' title='bbox 195 2351 226 2408; x_wconf 90' lang='lat' dir='ltr'>hi</span> <span class='ocrx_word' id='word_1_230' title='bbox 248 2351 285 2408; x_wconf 87' lang='lat' dir='ltr'>ab</span> <span class='ocrx_word' id='word_1_231' title='bbox 307 2350 501 2407; x_wconf 68' lang='lat' dir='ltr'>adolescentia</span> <span class='ocrx_word' id='word_1_232' title='bbox 524 2349 688 2427; x_wconf 74' lang='lat' dir='ltr'>suasissem,</span> <span class='ocrx_word' id='word_1_233' title='bbox 707 2349 779 2407; x_wconf 90' lang='lat' dir='ltr'>nibil</span> <span class='ocrx_word' id='word_1_234' title='bbox 796 2368 865 2421; x_wconf 29' lang='lat' dir='ltr'>,esse</span> <span class='ocrx_word' id='word_1_235' title='bbox 884 2349 915 2406; x_wconf 91' lang='lat' dir='ltr'>in</span> <span class='ocrx_word' id='word_1_236' title='bbox 932 2348 991 2406; x_wconf 65' lang='lat' dir='ltr'>vita</span> <span class='ocrx_word' id='word_1_237' title='bbox 1012 2367 1184 2425; x_wconf 80' lang='lat' dir='ltr'>magnopere</span> 
     </span>
     <span class='ocr_line' id='line_1_28' title="bbox 195 2426 1182 2504; baseline -0.002 -19"><span class='ocrx_word' id='word_1_238' title='bbox 195 2428 396 2504; x_wconf 85' lang='lat' dir='ltr'>expetendum,</span> <span class='ocrx_word' id='word_1_239' title='bbox 424 2427 479 2484; x_wconf 89' lang='lat' dir='ltr'>nisi</span> <span class='ocrx_word' id='word_1_240' title='bbox 501 2428 616 2485; x_wconf 86' lang='lat' dir='ltr'>laudem</span> <span class='ocrx_word' id='word_1_241' title='bbox 641 2426 946 2502; x_wconf 77' lang='lat' dir='ltr'>atque&#39;honestatem3</span> <span class='ocrx_word' id='word_1_242' title='bbox 974 2427 1004 2484; x_wconf 90' lang='lat' dir='ltr'>in</span> <span class='ocrx_word' id='word_1_243' title='bbox 1028 2427 1182 2485; x_wconf 72' lang='lat' dir='ltr'>edentem</span> 
     </span>
     <span class='ocr_line' id='line_1_29' title="bbox 194 2504 1211 2583; baseline 0.001 -22"><span class='ocrx_word' id='word_1_244' title='bbox 194 2505 393 2581; x_wconf 75' lang='lat' dir='ltr'>persequendi</span> <span class='ocrx_word' id='word_1_245' title='bbox 412 2523 513 2563; x_wconf 88' lang='lat' dir='ltr'>omncs</span> <span class='ocrx_word' id='word_1_246' title='bbox 532 2504 680 2567; x_wconf 84' lang='lat' dir='ltr'>cruciatus</span> <span class='ocrx_word' id='word_1_247' title='bbox 699 2507 834 2583; x_wconf 87' lang='lat' dir='ltr'>corporis,</span> <span class='ocrx_word' id='word_1_248' title='bbox 848 2505 946 2564; x_wconf 89' lang='lat' dir='ltr'>omnia</span> <span class='ocrx_word' id='word_1_249' title='bbox 964 2506 1094 2582; x_wconf 89' lang='lat' dir='ltr'>pericula</span> <span class='ocrx_word' id='word_1_250' title='bbox 1109 2524 1184 2563; x_wconf 89' lang='lat' dir='ltr'>mor·</span> <span class='ocrx_word' id='word_1_251' title='bbox 1209 2537 1211 2541; x_wconf 83' lang='lat'><em>.</em></span> 
     </span>
     <span class='ocr_line' id='line_1_30' title="bbox 195 2582 1183 2660; baseline 0.001 -20"><span class='ocrx_word' id='word_1_252' title='bbox 195 2582 233 2640; x_wconf 89' lang='lat' dir='ltr'>tis</span> <span class='ocrx_word' id='word_1_253' title='bbox 255 2593 340 2657; x_wconf 88' lang='lat' dir='ltr'>atque</span> <span class='ocrx_word' id='word_1_254' title='bbox 361 2583 463 2655; x_wconf 85' lang='lat' dir='ltr'>exsilii,</span> <span class='ocrx_word' id='word_1_255' title='bbox 477 2585 557 2659; x_wconf 84' lang='lat' dir='ltr'>parvi</span> <span class='ocrx_word' id='word_1_256' title='bbox 578 2603 642 2642; x_wconf 88' lang='lat' dir='ltr'>esse</span> <span class='ocrx_word' id='word_1_257' title='bbox 660 2584 810 2656; x_wconf 83' lang='lat' dir='ltr'>ducenda3</span> <span class='ocrx_word' id='word_1_258' title='bbox 831 2604 980 2659; x_wconf 89' lang='lat' dir='ltr'>nunquam</span> <span class='ocrx_word' id='word_1_259' title='bbox 1001 2604 1057 2656; x_wconf 90' lang='lat' dir='ltr'>me,</span> <span class='ocrx_word' id='word_1_260' title='bbox 1071 2602 1122 2660; x_wconf 90' lang='lat' dir='ltr'>pro</span> <span class='ocrx_word' id='word_1_261' title='bbox 1139 2603 1183 2641; x_wconf 87' lang='lat' dir='ltr'>sa-</span> 
     </span>
     <span class='ocr_line' id='line_1_31' title="bbox 157 2662 1184 2739; baseline 0.001 -20"><span class='ocrx_word' id='word_1_262' title='bbox 157 2698 180 2711; x_wconf 85' lang='lat'>-</span> <span class='ocrx_word' id='word_1_263' title='bbox 196 2662 256 2720; x_wconf 88' lang='lat' dir='ltr'>lute</span> <span class='ocrx_word' id='word_1_264' title='bbox 269 2662 373 2732; x_wconf 80' lang='lat' dir='ltr'>vestrd,</span> <span class='ocrx_word' id='word_1_265' title='bbox 388 2662 417 2719; x_wconf 93' lang='lat' dir='ltr'>in</span> <span class='ocrx_word' id='word_1_266' title='bbox 438 2671 479 2719; x_wconf 86' lang='lat' dir='ltr'>tot</span> <span class='ocrx_word' id='word_1_267' title='bbox 500 2681 535 2720; x_wconf 91' lang='lat' dir='ltr'>ac</span> <span class='ocrx_word' id='word_1_268' title='bbox 552 2672 647 2721; x_wconf 87' lang='lat' dir='ltr'>tantas</span> <span class='ocrx_word' id='word_1_269' title='bbox 660 2662 871 2735; x_wconf 80' lang='lat' dir='ltr'>dimicationes,</span> <span class='ocrx_word' id='word_1_270' title='bbox 886 2674 971 2739; x_wconf 82' lang='lat' dir='ltr'>atque</span> <span class='ocrx_word' id='word_1_271' title='bbox 985 2663 1016 2721; x_wconf 86' lang='lat' dir='ltr'>iu</span> <span class='ocrx_word' id='word_1_272' title='bbox 1029 2665 1080 2721; x_wconf 89' lang='lat' dir='ltr'>bos</span> <span class='ocrx_word' id='word_1_273' title='bbox 1091 2662 1184 2739; x_wconf 86' lang='lat' dir='ltr'>profli-</span> 
     </span>
     <span class='ocr_line' id='line_1_32' title="bbox 146 2736 1182 2820; baseline -0.004 -18"><span class='ocrx_word' id='word_1_274' title='bbox 146 2747 183 2802; x_wconf 78' lang='lat'>30</span> <span class='ocrx_word' id='word_1_275' title='bbox 197 2750 329 2818; x_wconf 86' lang='lat' dir='ltr'>gatorum</span> <span class='ocrx_word' id='word_1_276' title='bbox 359 2736 507 2811; x_wconf 84' lang='lat' dir='ltr'>hominum</span> <span class='ocrx_word' id='word_1_277' title='bbox 536 2741 718 2817; x_wconf 90' lang='lat' dir='ltr'>quotidianos</span> <span class='ocrx_word' id='word_1_278' title='bbox 747 2743 881 2820; x_wconf 86' lang='lat' dir='ltr'>impetus,</span> <span class='ocrx_word' id='word_1_279' title='bbox 903 2742 1082 2818; x_wconf 85' lang='lat' dir='ltr'>objecissem.</span> <span class='ocrx_word' id='word_1_280' title='bbox 1123 2740 1182 2798; x_wconf 87' lang='lat' dir='ltr'>Sed</span> 
     </span>
     <span class='ocr_line' id='line_1_33' title="bbox 196 2819 1185 2897; baseline -0.001 -20"><span class='ocrx_word' id='word_1_281' title='bbox 196 2820 273 2896; x_wconf 92' lang='lat' dir='ltr'>pleni</span> <span class='ocrx_word' id='word_1_282' title='bbox 293 2838 393 2877; x_wconf 89' lang='lat' dir='ltr'>omnes</span> <span class='ocrx_word' id='word_1_283' title='bbox 413 2828 480 2876; x_wconf 88' lang='lat' dir='ltr'>sunt</span> <span class='ocrx_word' id='word_1_284' title='bbox 499 2819 575 2891; x_wconf 91' lang='lat' dir='ltr'>libri,</span> <span class='ocrx_word' id='word_1_285' title='bbox 588 2820 681 2896; x_wconf 72' lang='lat' dir='ltr'>plenas</span> <span class='ocrx_word' id='word_1_286' title='bbox 698 2822 870 2897; x_wconf 88' lang='lat' dir='ltr'>sapientium</span> <span class='ocrx_word' id='word_1_287' title='bbox 884 2840 979 2892; x_wconf 87' lang='lat' dir='ltr'>voces,</span> <span class='ocrx_word' id='word_1_288' title='bbox 992 2821 1078 2897; x_wconf 88' lang='lat' dir='ltr'>plena</span> <span class='ocrx_word' id='word_1_289' title='bbox 1090 2837 1185 2877; x_wconf 82' lang='lat' dir='ltr'>erem·</span> 
     </span>
     <span class='ocr_line' id='line_1_34' title="bbox 195 2897 1183 2975; baseline -0.002 -19"><span class='ocrx_word' id='word_1_290' title='bbox 195 2899 307 2975; x_wconf 90' lang='lat' dir='ltr'>plorum</span> <span class='ocrx_word' id='word_1_291' title='bbox 320 2908 462 2968; x_wconf 79' lang='lat' dir='ltr'>vetustas3</span> <span class='ocrx_word' id='word_1_292' title='bbox 485 2917 548 2972; x_wconf 83' lang='lat' dir='ltr'>quae</span> <span class='ocrx_word' id='word_1_293' title='bbox 566 2897 699 2974; x_wconf 84' lang='lat' dir='ltr'>jacerent</span> <span class='ocrx_word' id='word_1_294' title='bbox 715 2900 746 2958; x_wconf 92' lang='lat' dir='ltr'>in</span> <span class='ocrx_word' id='word_1_295' title='bbox 759 2900 887 2958; x_wconf 89' lang='lat' dir='ltr'>tenebris</span> <span class='ocrx_word' id='word_1_296' title='bbox 900 2900 1007 2971; x_wconf 87' lang='lat' dir='ltr'>omnia,</span> <span class='ocrx_word' id='word_1_297' title='bbox 1021 2900 1077 2957; x_wconf 90' lang='lat' dir='ltr'>nisi</span> <span class='ocrx_word' id='word_1_298' title='bbox 1090 2899 1183 2956; x_wconf 86' lang='lat' dir='ltr'>litera·</span> 
     </span>
     <span class='ocr_line' id='line_1_35' title="bbox 197 2974 1184 3056; baseline -0.001 -21"><span class='ocrx_word' id='word_1_299' title='bbox 197 2997 261 3035; x_wconf 88' lang='lat' dir='ltr'>rum</span> <span class='ocrx_word' id='word_1_300' title='bbox 283 2977 380 3036; x_wconf 90' lang='lat' dir='ltr'>lumen</span> <span class='ocrx_word' id='word_1_301' title='bbox 403 2978 565 3035; x_wconf 86' lang='lat' dir='ltr'>accederet:</span> <span class='ocrx_word' id='word_1_302' title='bbox 603 2974 705 3038; x_wconf 69' lang='lat' dir='ltr'>Quam</span> <span class='ocrx_word' id='word_1_303' title='bbox 728 2978 833 3037; x_wconf 89' lang='lat' dir='ltr'>multas</span> <span class='ocrx_word' id='word_1_304' title='bbox 856 2978 939 3037; x_wconf 91' lang='lat' dir='ltr'>nobis</span> <span class='ocrx_word' id='word_1_305' title='bbox 963 2979 1112 3056; x_wconf 88' lang='lat' dir='ltr'>imagines,</span> <span class='ocrx_word' id='word_1_306' title='bbox 1126 2995 1184 3034; x_wconf 87' lang='lat' dir='ltr'>non</span> 
     </span>
    </p>
   </div>
   <div class='ocr_carea' id='block_1_2' title="bbox 197 3053 1274 3129">
    <p class='ocr_par' dir='ltr' id='par_1_2' title="bbox 197 3053 1274 3129">
     <span class='ocr_line' id='line_1_36' title="bbox 197 3053 1274 3129; baseline -0.004 -13"><span class='ocrx_word' id='word_1_307' title='bbox 197 3056 290 3116; x_wconf 82' lang='lat' dir='ltr'>solirm</span> <span class='ocrx_word' id='word_1_308' title='bbox 304 3058 341 3115; x_wconf 91' lang='lat' dir='ltr'>ad</span> <span class='ocrx_word' id='word_1_309' title='bbox 355 3056 535 3128; x_wconf 89' lang='lat' dir='ltr'>intuendum,</span> <span class='ocrx_word' id='word_1_310' title='bbox 549 3053 649 3115; x_wconf 78' lang='lat' dir='ltr'>verbm</span> <span class='ocrx_word' id='word_1_311' title='bbox 665 3057 753 3115; x_wconf 87' lang='lat' dir='ltr'>etiam</span> <span class='ocrx_word' id='word_1_312' title='bbox 772 3059 808 3115; x_wconf 86' lang='lat' dir='ltr'>ad</span> <span class='ocrx_word' id='word_1_313' title='bbox 826 3057 1008 3129; x_wconf 87' lang='lat' dir='ltr'>imitandum,</span> <span class='ocrx_word' id='word_1_314' title='bbox 1023 3056 1184 3116; x_wconf 89' lang='lat' dir='ltr'>fortissimo·</span> <span class='ocrx_word' id='word_1_315' title='bbox 1270 3096 1274 3103; x_wconf 37' lang='lat'><strong>⁴</strong></span> 
     </span>
    </p>
   </div>
   <div class='ocr_carea' id='block_1_3' title="bbox 124 3134 1235 3431">
    <p class='ocr_par' dir='ltr' id='par_1_3' title="bbox 147 3134 1235 3370">
     <span class='ocr_line' id='line_1_37' title="bbox 147 3134 1184 3213; baseline -0.01 -13"><span class='ocrx_word' id='word_1_316' title='bbox 147 3146 183 3200; x_wconf 82' lang='lat'>35</span> <span class='ocrx_word' id='word_1_317' title='bbox 197 3157 262 3196; x_wconf 91' lang='lat' dir='ltr'>rum</span> <span class='ocrx_word' id='word_1_318' title='bbox 275 3135 399 3195; x_wconf 88' lang='lat' dir='ltr'>virorum</span> <span class='ocrx_word' id='word_1_319' title='bbox 413 3155 561 3213; x_wconf 86' lang='lat' dir='ltr'>expressas</span> <span class='ocrx_word' id='word_1_320' title='bbox 581 3135 733 3211; x_wconf 86' lang='lat' dir='ltr'>scriptores</span> <span class='ocrx_word' id='word_1_321' title='bbox 751 3146 780 3195; x_wconf 91' lang='lat' dir='ltr'>et</span> <span class='ocrx_word' id='word_1_322' title='bbox 800 3137 896 3194; x_wconf 88' lang='lat' dir='ltr'>Graeci</span> <span class='ocrx_word' id='word_1_323' title='bbox 911 3146 941 3194; x_wconf 86' lang='lat' dir='ltr'>et</span> <span class='ocrx_word' id='word_1_324' title='bbox 954 3135 1052 3193; x_wconf 91' lang='lat' dir='ltr'>Latini</span> <span class='ocrx_word' id='word_1_325' title='bbox 1065 3134 1184 3209; x_wconf 87' lang='lat' dir='ltr'>relique·</span> 
     </span>
     <span class='ocr_line' id='line_1_38' title="bbox 197 3212 1235 3294; baseline -0.003 -19"><span class='ocrx_word' id='word_1_326' title='bbox 197 3218 280 3275; x_wconf 88' lang='lat' dir='ltr'>runt!</span> <span class='ocrx_word' id='word_1_327' title='bbox 301 3236 374 3292; x_wconf 87' lang='lat' dir='ltr'>quas</span> <span class='ocrx_word' id='word_1_328' title='bbox 386 3236 441 3294; x_wconf 90' lang='lat' dir='ltr'>ego</span> <span class='ocrx_word' id='word_1_329' title='bbox 453 3215 526 3273; x_wconf 92' lang='lat' dir='ltr'>mihi</span> <span class='ocrx_word' id='word_1_330' title='bbox 540 3234 651 3292; x_wconf 89' lang='lat' dir='ltr'>semper</span> <span class='ocrx_word' id='word_1_331' title='bbox 665 3214 696 3272; x_wconf 89' lang='lat' dir='ltr'>iu</span> <span class='ocrx_word' id='word_1_332' title='bbox 715 3215 942 3274; x_wconf 70' lang='lat' dir='ltr'>administrandi</span> <span class='ocrx_word' id='word_1_333' title='bbox 963 3213 1112 3290; x_wconf 71' lang='lat' dir='ltr'>republicl</span> <span class='ocrx_word' id='word_1_334' title='bbox 1124 3231 1186 3290; x_wconf 82' lang='lat' dir='ltr'>pro·</span> <span class='ocrx_word' id='word_1_335' title='bbox 1230 3212 1235 3223; x_wconf 78' lang='lat'><em>&#39;</em></span> 
     </span>
     <span class='ocr_line' id='line_1_39' title="bbox 196 3291 1185 3370; baseline -0.006 -18"><span class='ocrx_word' id='word_1_336' title='bbox 196 3314 315 3369; x_wconf 88' lang='lat' dir='ltr'>ponens,</span> <span class='ocrx_word' id='word_1_337' title='bbox 331 3296 459 3353; x_wconf 90' lang='lat' dir='ltr'>animum</span> <span class='ocrx_word' id='word_1_338' title='bbox 473 3305 502 3352; x_wconf 92' lang='lat' dir='ltr'>et</span> <span class='ocrx_word' id='word_1_339' title='bbox 515 3292 641 3353; x_wconf 90' lang='lat' dir='ltr'>mentem</span> <span class='ocrx_word' id='word_1_340' title='bbox 662 3312 757 3353; x_wconf 84' lang='lat' dir='ltr'>meam</span> <span class='ocrx_word' id='word_1_341' title='bbox 776 3293 838 3370; x_wconf 66' lang='lat' dir='ltr'>ipsit</span> <span class='ocrx_word' id='word_1_342' title='bbox 851 3292 1025 3370; x_wconf 80' lang='lat' dir='ltr'>cogitatione</span> <span class='ocrx_word' id='word_1_343' title='bbox 1038 3291 1185 3351; x_wconf 87' lang='lat' dir='ltr'>hominum</span> 
     </span>
    </p>

    <p class='ocr_par' dir='ltr' id='par_1_4' title="bbox 124 3373 1042 3431">
     <span class='ocr_line' id='line_1_40' title="bbox 124 3373 1042 3431; baseline 0.003 -4"><span class='ocrx_word' id='word_1_344' title='bbox 124 3398 128 3405; x_wconf 92' lang='lat'><strong>·</strong></span> <span class='ocrx_word' id='word_1_345' title='bbox 197 3373 400 3429; x_wconf 85' lang='lat' dir='ltr'>excellentium</span> <span class='ocrx_word' id='word_1_346' title='bbox 414 3373 636 3431; x_wconf 80' lang='lat' dir='ltr'>conformabant.</span> <span class='ocrx_word' id='word_1_347' title='bbox 1040 3388 1042 3391; x_wconf 79' lang='grc'>’</span> 
     </span>
    </p>
   </div>
   <div class='ocr_carea' id='block_1_4' title="bbox 91 3438 1291 3527">
    <p class='ocr_par' dir='ltr' id='par_1_5' title="bbox 91 3438 1291 3527">
     <span class='ocr_line' id='line_1_41' title="bbox 91 3438 1291 3527; baseline -0.005 -19"><span class='ocrx_word' id='word_1_348' title='bbox 91 3438 99 3459; x_wconf 69' lang='grc'><em>“</em></span> <span class='ocrx_word' id='word_1_349' title='bbox 160 3461 198 3482; x_wconf 65' lang='grc'>““</span> <span class='ocrx_word' id='word_1_350' title='bbox 236 3448 307 3507; x_wconf 88' lang='lat' dir='ltr'>VII.</span> <span class='ocrx_word' id='word_1_351' title='bbox 337 3448 461 3510; x_wconf 76' lang='lat' dir='ltr'>Queret</span> <span class='ocrx_word' id='word_1_352' title='bbox 481 3444 632 3527; x_wconf 78' lang='lat' dir='ltr'>quispiam,</span> <span class='ocrx_word' id='word_1_353' title='bbox 646 3448 753 3511; x_wconf 83' lang='lat' dir='ltr'>Quidt</span> <span class='ocrx_word' id='word_1_354' title='bbox 781 3447 824 3503; x_wconf 92' lang='lat' dir='ltr'>illi</span> <span class='ocrx_word' id='word_1_355' title='bbox 847 3447 901 3520; x_wconf 89' lang='lat' dir='ltr'>ipsi</span> <span class='ocrx_word' id='word_1_356' title='bbox 918 3444 1029 3501; x_wconf 87' lang='lat' dir='ltr'>summi</span> <span class='ocrx_word' id='word_1_357' title='bbox 1042 3445 1105 3513; x_wconf 87' lang='lat' dir='ltr'>viri,</span> <span class='ocrx_word' id='word_1_358' title='bbox 1119 3462 1188 3519; x_wconf 89' lang='lat' dir='ltr'>quo·</span> <span class='ocrx_word' id='word_1_359' title='bbox 1287 3440 1291 3447; x_wconf 71' lang='grc'>’</span> 
     </span>
    </p>
   </div>
   <div class='ocr_carea' id='block_1_5' title="bbox 148 3519 1188 3842">
    <p class='ocr_par' dir='ltr' id='par_1_6' title="bbox 148 3519 1188 3842">
     <span class='ocr_line' id='line_1_42' title="bbox 148 3519 1187 3604; baseline -0.008 -16"><span class='ocrx_word' id='word_1_360' title='bbox 148 3534 183 3588; x_wconf 85' lang='grc'>40</span> <span class='ocrx_word' id='word_1_361' title='bbox 198 3546 261 3585; x_wconf 90' lang='lat' dir='ltr'>rum</span> <span class='ocrx_word' id='word_1_362' title='bbox 274 3527 394 3584; x_wconf 86' lang='lat' dir='ltr'>virtutes</span> <span class='ocrx_word' id='word_1_363' title='bbox 415 3527 506 3584; x_wconf 88' lang='lat' dir='ltr'>literis</span> <span class='ocrx_word' id='word_1_364' title='bbox 528 3528 646 3604; x_wconf 71' lang='lat' dir='ltr'>proditae</span> <span class='ocrx_word' id='word_1_365' title='bbox 666 3537 743 3596; x_wconf 90' lang='lat' dir='ltr'>sunt,</span> <span class='ocrx_word' id='word_1_366' title='bbox 762 3523 855 3581; x_wconf 74' lang='lat' dir='ltr'>istbne</span> <span class='ocrx_word' id='word_1_367' title='bbox 878 3519 1020 3589; x_wconf 69' lang='lat' dir='ltr'>doctrind,</span> <span class='ocrx_word' id='word_1_368' title='bbox 1043 3538 1131 3596; x_wconf 84' lang='lat' dir='ltr'>quam</span> <span class='ocrx_word' id='word_1_369' title='bbox 1153 3532 1187 3580; x_wconf 93' lang='lat' dir='ltr'>tu</span> 
     </span>
     <span class='ocr_line' id='line_1_43' title="bbox 198 3598 1188 3674; baseline -0.005 -10"><span class='ocrx_word' id='word_1_370' title='bbox 198 3604 332 3664; x_wconf 88' lang='lat' dir='ltr'>laudibus</span> <span class='ocrx_word' id='word_1_371' title='bbox 350 3604 444 3674; x_wconf 85' lang='lat' dir='ltr'>effers,</span> <span class='ocrx_word' id='word_1_372' title='bbox 458 3605 563 3661; x_wconf 90' lang='lat' dir='ltr'>eruditi</span> <span class='ocrx_word' id='word_1_373' title='bbox 582 3606 721 3663; x_wconf 67' lang='lat' dir='ltr'>fuerunt?</span> <span class='ocrx_word' id='word_1_374' title='bbox 756 3599 882 3660; x_wconf 89' lang='lat' dir='ltr'>Difficile</span> <span class='ocrx_word' id='word_1_375' title='bbox 900 3608 944 3657; x_wconf 88' lang='lat' dir='ltr'>est</span> <span class='ocrx_word' id='word_1_376' title='bbox 964 3598 1020 3655; x_wconf 87' lang='lat' dir='ltr'>boc</span> <span class='ocrx_word' id='word_1_377' title='bbox 1040 3599 1077 3657; x_wconf 92' lang='lat' dir='ltr'>de</span> <span class='ocrx_word' id='word_1_378' title='bbox 1096 3600 1188 3659; x_wconf 88' lang='lat' dir='ltr'>omni·</span> 
     </span>
     <span class='ocr_line' id='line_1_44' title="bbox 199 3677 1187 3754; baseline -0.005 -12"><span class='ocrx_word' id='word_1_379' title='bbox 199 3687 252 3742; x_wconf 91' lang='lat' dir='ltr'>bus</span> <span class='ocrx_word' id='word_1_380' title='bbox 273 3683 461 3741; x_wconf 86' lang='lat' dir='ltr'>confirmare:</span> <span class='ocrx_word' id='word_1_381' title='bbox 491 3682 541 3738; x_wconf 89' lang='lat' dir='ltr'>sed</span> <span class='ocrx_word' id='word_1_382' title='bbox 562 3692 660 3740; x_wconf 89' lang='lat' dir='ltr'>tamen</span> <span class='ocrx_word' id='word_1_383' title='bbox 682 3692 726 3740; x_wconf 92' lang='lat' dir='ltr'>est</span> <span class='ocrx_word' id='word_1_384' title='bbox 753 3689 873 3750; x_wconf 88' lang='lat' dir='ltr'>certum,</span> <span class='ocrx_word' id='word_1_385' title='bbox 896 3677 964 3754; x_wconf 91' lang='lat' dir='ltr'>quid</span> <span class='ocrx_word' id='word_1_386' title='bbox 988 3680 1187 3754; x_wconf 67' lang='lat' dir='ltr'>respondeam,</span> 
     </span>
     <span class='ocr_line' id='line_1_45' title="bbox 199 3757 1186 3842; baseline -0.007 -20"><span class='ocrx_word' id='word_1_387' title='bbox 199 3763 265 3842; x_wconf 82' lang='lat' dir='ltr'>Ego</span> <span class='ocrx_word' id='word_1_388' title='bbox 286 3761 390 3819; x_wconf 86' lang='lat' dir='ltr'>multos</span> <span class='ocrx_word' id='word_1_389' title='bbox 413 3761 543 3818; x_wconf 87' lang='lat' dir='ltr'>homines</span> <span class='ocrx_word' id='word_1_390' title='bbox 564 3760 718 3818; x_wconf 86' lang='lat' dir='ltr'>excellenti</span> <span class='ocrx_word' id='word_1_391' title='bbox 742 3759 837 3817; x_wconf 88' lang='lat' dir='ltr'>animo</span> <span class='ocrx_word' id='word_1_392' title='bbox 861 3778 896 3818; x_wconf 91' lang='lat' dir='ltr'>ac</span> <span class='ocrx_word' id='word_1_393' title='bbox 909 3758 1014 3817; x_wconf 87' lang='lat' dir='ltr'>virtute</span> <span class='ocrx_word' id='word_1_394' title='bbox 1036 3757 1134 3829; x_wconf 87' lang='lat' dir='ltr'>fuisse,</span> <span class='ocrx_word' id='word_1_395' title='bbox 1148 3769 1186 3828; x_wconf 86' lang='lat' dir='ltr'>et,</span> 
     </span>
    </p>
   </div>
   <div class='ocr_carea' id='block_1_6' title="bbox 199 3836 1188 3919">
    <p class='ocr_par' dir='ltr' id='par_1_7' title="bbox 199 3836 1188 3919">
     <span class='ocr_line' id='line_1_46' title="bbox 199 3836 1188 3919; baseline -0.007 -16"><span class='ocrx_word' id='word_1_396' title='bbox 199 3845 262 3903; x_wconf 88' lang='lat' dir='ltr'>sine</span> <span class='ocrx_word' id='word_1_397' title='bbox 275 3841 416 3914; x_wconf 76' lang='lat' dir='ltr'>doctrinb,</span> <span class='ocrx_word' id='word_1_398' title='bbox 430 3850 540 3899; x_wconf 79' lang='lat' dir='ltr'>nature</span> <span class='ocrx_word' id='word_1_399' title='bbox 560 3839 649 3919; x_wconf 89' lang='lat' dir='ltr'>ipsius</span> <span class='ocrx_word' id='word_1_400' title='bbox 669 3839 770 3900; x_wconf 87' lang='lat' dir='ltr'>habitu</span> <span class='ocrx_word' id='word_1_401' title='bbox 789 3836 875 3919; x_wconf 76' lang='lat' dir='ltr'>prope</span> <span class='ocrx_word' id='word_1_402' title='bbox 896 3838 1003 3910; x_wconf 78' lang='lat' dir='ltr'>divino,</span> <span class='ocrx_word' id='word_1_403' title='bbox 1017 3858 1068 3916; x_wconf 87' lang='lat' dir='ltr'>per</span> <span class='ocrx_word' id='word_1_404' title='bbox 1081 3838 1188 3915; x_wconf 87' lang='lat' dir='ltr'>seipsos</span> 
     </span>
    </p>
   </div>
   <div class='ocr_carea' id='block_1_7' title="bbox 0 0 1360 4484">
    <p class='ocr_par' dir='ltr' id='par_1_8' title="bbox 0 0 1360 4484">
     <span class='ocr_line' id='line_1_47' title="bbox 0 0 1360 4484; baseline 0 0"><span class='ocrx_word' id='word_1_405' title='bbox 0 0 1360 4484; x_wconf 95' lang='lat' dir='ltr'> </span> 
     </span>
    </p>
   </div>
  </div>
 </body>
</html>
