2692 4484
363 326 499 378 ORATIO
520 325 542 376 1.
565 324 603 376 {N
624 326 655 375 L.
672 325 889 377 CATILINAM.
1129 333 1188 409 [b

139 470 222 532 Quid
235 466 325 526 verbl
339 488 440 545 nuper,
452 469 535 541 edm,
549 478 639 527 morte
653 466 808 543 superioris
822 467 929 539 uxoris,
944 468 1026 526 novis
1046 488 1115 545 nup·

139 549 187 606 tiis
201 548 317 605 domum
331 548 552 619 vacuefecisses,
566 566 664 604 nonne
678 548 765 604 etiam
779 547 835 604 alio
848 546 1014 605 incredibili
1027 549 1117 605 scele-

140 646 171 685 re
185 628 240 682 hoc
251 625 346 683 scelus
354 626 531 684 cumuldstil
545 626 621 700 quod
632 643 688 700 ego
698 625 892 700 praetermitto,
906 635 936 681 et
949 624 1035 683 facile
1046 625 1119 700 pati·

136 717 171 763 'or
191 703 278 776 sileri,
303 722 341 762 ne
365 704 396 761 in
409 705 466 762 hrlc
490 703 606 762 civitate
627 703 701 760 tanti
723 702 859 761 facinoris
882 703 1047 761 immunitas
1068 715 1118 762 aut

140 782 293 853 exstitisse,
318 792 368 840 aut
393 801 451 840 non
472 781 619 841 vindicata
638 800 713 851 esse,
733 780 872 843 videatur.
926 781 1117 841 Praetermitto
1151 793 1170 845 5

141 861 240 918 ruinas
254 860 430 919 fortunarum
443 871 568 931 tuarum,
582 879 652 935 quas
664 877 766 917 omnes
780 859 945 936 impendere
959 860 1012 918 tibi
1025 861 1117 937 proxi·

141 940 196 995 mis
210 938 311 996 Idibus
324 939 447 997 senties:
469 940 506 997 ad
516 938 566 997 illa
578 938 672 1008 venio,
686 957 750 1012 quae
764 956 823 995 non
834 939 871 995 ad
884 937 1022 1013 privatum
1037 940 1117 1016 igno·

147 1016 262 1074 niniam
276 1017 408 1075 vitiorum
422 1028 547 1089 tuorum,
562 1036 622 1074 uon
636 1017 672 1073 sd
687 1016 875 1074 domesticam
895 1026 974 1073 tuam
994 1017 1117 1095 difficul-

143 1105 232 1152 tatem
246 1114 281 1153 ac
294 1096 511 1171 turpitudinem,
525 1094 576 1152 sed
590 1095 626 1151 ad
640 1114 781 1153 summam
795 1095 970 1170 reipublicae,
983 1106 1065 1170 atque
1081 1097 1116 1153 ad

141 1173 271 1231 omnium
284 1173 414 1231 nostrhm
430 1174 515 1231 vitam
529 1173 715 1248 salutemque,
730 1173 883 1249 pertinent.
1024 1204 1026 1209 ·
1135 1181 1169 1234 10

182 1251 318 1310 Potestne
330 1251 383 1309 tibi
397 1251 481 1326 hujus
494 1252 558 1309 vitae
571 1252 631 1322 lux,
646 1252 783 1323 Catilina,
799 1263 847 1309 aut
861 1250 946 1326 hujus
956 1252 1022 1310 coeli
1036 1252 1117 1327 spiri·

70 1354 72 1359 ’
144 1342 190 1388 tus
216 1349 280 1387 esse
305 1329 462 1405 jucundus,
483 1327 552 1387 cum
573 1330 658 1401 scias,
679 1330 781 1387 borum
801 1349 864 1387 esse
890 1331 1047 1401 neminem,
1068 1331 1117 1406 qui

144 1408 267 1479 nesciat,
281 1419 320 1479 te,
333 1408 424 1483 pridie
437 1407 583 1466 Calendas
597 1408 615 1464 J
618 1408 762 1479 annarias,
775 1408 885 1485 Lepido
904 1419 934 1466 et
948 1408 1036 1466 Tullo
1049 1428 1118 1467 con·

144 1487 266 1557 sulibus,
280 1486 392 1544 stetisse
406 1486 436 1543 in
452 1486 569 1544 comitio
590 1505 658 1545 cum
678 1487 755 1549 telol
776 1506 903 1557 manum,
917 1488 1068 1545 consulum
1088 1499 1117 1545 et

83 1610 87 1619 ,
143 1564 305 1647 principum
317 1563 441 1639 ciuitatis
449 1549 713 1643 interficiendorum
725 1565 824 1641 causti,
856 1566 983 1653 stravisseu
988 1568 1001 1623 l
1016 1567 1117 1625 sceleri
1135 1564 1170 1617 15

47 1639 80 1667 '¹
102 1640 108 1653 '
136 1662 180 1715 uac
196 1642 282 1721 furori
302 1648 424 1723 tuo‘nou'
437 1634 564 1703 rhe‘nt'sni
576 1634 720 1719 hllquam,
752 1585 940 1701 u‘t‘tlhote'iir'
955 1652 1047 1715 tuum,
1068 1646 1117 1702 sed

53 1728 58 1737 ‘
88 1714 121 1755 ·”
135 1720 286 1779 ‘fortunam
301 1721 639 1797 reipublicoeobstitissel
681 1723 709 1779 A
746 1721 806 1797 jam
827 1722 876 1780 illa
889 1723 1005 1781 omitto:
1025 1743 1118 1799 neque

122 1798 130 1816 ⁴
144 1800 223 1857 enim
236 1811 303 1858 sunt
317 1810 366 1858 aut
378 1802 511 1874 obscura,
526 1811 647 1859 autnon
659 1803 749 1859 multa
758 1799 823 1876 pbst
837 1803 997 1859 commissa.
1037 1803 1120 1864 Quo·

145 1877 200 1935 ties
213 1890 245 1937 tu
258 1898 304 1937 me
318 1879 510 1956 designatum,
524 1881 635 1956 quoties
649 1882 810 1950 consulem,
823 1881 984 1939 interficere
998 1892 1119 1939 conatus

145 1958 199 2014 esl
219 1968 287 2032 quot
299 1977 354 2035 ego
367 1969 432 2016 tuas
445 1958 607 2035 petitiones,
622 1959 663 2017 ita
671 1960 820 2036 conjectas
833 1959 956 2017 utvitnri
967 1980 1025 2018 non
1036 1979 1119 2037 posse
1135 1955 1171 2008 20

144 2035 318 2106 riderentur,
331 2037 419 2112 parvul
432 2037 557 2113 quidam
571 2039 775 2109 declinatione,
784 2048 814 2095 et
826 2037 872 2114 (ut
885 2038 979 2118 aiunt)
992 2057 1119 2113 corpore,

144 2113 254 2191 effugit
295 2113 378 2172 Nihil
393 2116 465 2193 agis,
478 2115 550 2173 nihil
565 2117 735 2192 assequeris,
749 2116 822 2175 nihil
838 2116 955 2186 moliris,
965 2117 1041 2192 quod
1050 2115 1119 2173 mihi

145 2191 237 2249 latere
248 2192 342 2249 valeat
350 2192 517 2268 intempore
528 2213 535 2258 t,
549 2213 643 2269 neque
652 2209 750 2253 tamen
762 2194 861 2253 conari
870 2214 906 2252 ac
915 2196 986 2252 velle
997 2194 1118 2253 desistis

145 2270 274 2331 Quoties
284 2269 345 2345 jam
359 2270 412 2327 tibi
425 2280 537 2328 extorta
556 2282 600 2329 est
619 2272 682 2330 sica
701 2272 757 2332 istc
776 2275 813 2332 de
832 2274 990 2332 manibusl
1010 2274 1120 2349 quoties

146 2346 213 2406 verb
228 2348 337 2407 excidit
350 2368 420 2405 casu
445 2348 549 2424 aliquo,
563 2361 593 2407 et
617 2351 716 2425 elapsa
728 2355 792 2412 estl
833 2352 948 2411 Tamen
962 2354 999 2410 eb
1022 2372 1119 2411 carere
1135 2359 1172 2412 25
1193 2370 1195 2373 ·

146 2425 256 2485 diutiirs
269 2446 327 2484 non
341 2438 439 2503 potes:
459 2447 522 2502 quae
536 2429 652 2503 quidem
666 2430 770 2506 quibus
784 2432 834 2489 abs
848 2441 876 2489 te
898 2431 1010 2489 initiata
1029 2432 1120 2491 sacris

146 2522 182 2560 ac
196 2503 297 2562 devota
310 2505 357 2576 sit,
378 2505 488 2576 nescio,
511 2504 589 2581 qubd
610 2528 676 2567 eam
699 2529 817 2568 necesse
838 2520 922 2587 putas
942 2510 1068 2569 consulis
1089 2511 1118 2569 in

146 2600 265 2658 corpore
278 2582 413 2660 deligere.

185 2661 254 2719 Vll.
276 2660 366 2720 Nunc
391 2661 469 2735 verb,
493 2684 556 2740 quae
579 2677 629 2724 tua
650 2677 695 2725 est
712 2667 767 2726 ista
789 2667 870 2727 vital
896 2667 941 2726 'sic
961 2668 1039 2726 enim
1058 2667 1119 2745 jam

145 2750 240 2797 tecum
255 2740 363 2817 loquar,
378 2761 436 2800 nou
451 2755 483 2801 ut
495 2744 562 2802 odio
575 2756 721 2821 permotus
743 2767 807 2805 esse
821 2747 927 2818 videar,
941 2766 997 2823 quo
1016 2747 1119 2819 debeo,
1136 2756 1172 2810 30

145 2818 197 2875 sed
217 2829 249 2877 ut
268 2820 475 2894 misericordis,
490 2842 554 2898 quae
574 2824 627 2881 tibi
648 2826 728 2883 nulla
747 2826 875 2884 debetur.
915 2826 1030 2884 Venisti
1049 2846 1120 2902 pau·

145 2896 173 2953 lo
187 2895 254 2955 aute
268 2898 298 2955 in
322 2910 462 2957 senatum.
503 2901 582 2964 Quis
602 2913 642 2974 te,
663 2923 701 2961 ex
721 2904 778 2962 haic
799 2905 879 2962 tantis
893 2905 1063 2981 frequentiis,
1083 2926 1121 2964 ex

145 2984 187 3033 tot
200 2976 257 3033 tuis
271 2977 371 3034 amicis
386 2997 421 3036 ac
434 2980 615 3054 necessariis,
631 2982 784 3040 salutavitl
824 2984 857 3041 Si
872 2985 938 3055 hoc,
948 2995 1011 3060 post
1030 2985 1121 3042 homi·

146 3073 214 3110 num
230 3056 406 3149 memoriam,
421 3058 542 3149 contigit
555 3061 676 3133 nemini,
691 3061 770 3119 vocis
783 3073 933 3139 exspectas
952 3064 1121 3122 contumeli·
1148 3088 1162 3111 ι

146 3150 202 3203 am,
231 3150 299 3189 cum
321 3152 360 3188 srs
389 3136 556 3210 gravissimo
581 3138 693 3214 judicio
720 3140 926 3199 taciturnitatis
936 3144 1119 3217 “oppressus‘l
1136 3143 1171 3197 35

143 3210 237 3281 Quid,
251 3207 329 3285 quod
343 3211 530 3272 adventutuo
540 3216 595 3274 ista
608 3219 745 3279 subsellia
759 3219 928 3276 vacuefacta
942 3221 1028 3278 suntl
1042 3217 1119 3295 quod

144 3307 245 3346 ornnes
275 3289 457 3361 consulares,
479 3292 528 3367 qui
555 3294 606 3352 tibi
627 3316 754 3374 persaepe
783 3298 818 3355 ad
840 3299 1118 3365 caedemconstitnti

145 3366 270 3439 suerunt,
295 3367 379 3426 simul
404 3376 489 3444 atque
510 3373 650 3447 assedisti,
675 3386 785 3451 partem
810 3375 893 3434 istam
918 3377 1117 3437 subselliorum

143 3446 251 3503 nudam
265 3455 349 3523 atque
363 3447 479 3506 inanem
493 3451 690 3526 reliqueruntl
729 3454 800 3516 Quo
813 3455 932 3515 tandem
951 3456 1048 3516 animo
1062 3459 1118 3516 hoc

143 3524 195 3581 tibi
216 3524 365 3583 serendum
391 3530 494 3602 putssl
541 3531 622 3589 Servi
651 3531 844 3612 (mehercule)
873 3535 931 3592 mei
951 3535 976 3592 si
996 3556 1043 3594 me
1063 3537 1118 3595 isto
1134 3534 1170 3589 40
1272 3530 1275 3537 ’

144 3613 228 3678 pacto
254 3615 426 3677 metuerent,
450 3618 482 3665 ut
501 3619 530 3667 te
551 3620 683 3669 metuunt
703 3631 804 3670 omnes
824 3613 903 3670 cives
925 3614 978 3685 tui,
1000 3616 1117 3672 domum

127 3752 130 3761 Δ
145 3700 237 3739 meam
250 3683 467 3759 relinquendam
480 3697 629 3762 putarem:
650 3699 683 3748 tu
696 3691 748 3748 tibi
762 3691 862 3749 urbem
877 3711 936 3750 uon
951 3693 1117 3751 arbitraris?

146 3758 191 3830 Et,
206 3760 230 3818 si
243 3780 289 3821 me
304 3764 376 3821 meis
390 3763 502 3824 civibus
515 3765 622 3842 injurii
635 3779 801 3843 suspectum
814 3780 874 3826 tarn
894 3773 1018 3846 graviter
1033 3782 1117 3845 atque

131 3837 283 3949 (pheneum
297 3842 440 3915 viderem3
463 3863 562 3903 carere
571 3865 617 3903 me
631 3846 770 3922 adspectu
779 3846 993 3921 civium,qurlnr
1007 3845 1118 3905 infestis

122 4162 210 4431 [1
