2692 4484
107 257 164 316 116
355 257 492 312 ORATIO
514 257 584 308 PRU
604 256 637 307 Τ.
661 256 777 307 Attalo
798 254 951 306 MILONE.

155 401 305 461 dominum
325 401 363 460 de
385 420 467 461 servo
488 401 578 477 queri
600 400 771 471 noluerunt;
799 418 859 458 non
881 398 1031 476 quianon
1053 408 1151 476 posset

154 500 255 539 verum
268 480 401 553 inveniri,
415 481 467 539 sed
480 481 550 557 quia
562 480 712 539 ridebatur
727 478 880 557 indignum
893 498 967 551 esse,
981 489 1011 537 et
1023 478 1152 537 dominis

155 570 246 619 morte
272 560 335 637 ipsa
360 559 479 618 tristim.
520 559 558 618 In
584 578 666 619 reum
692 558 730 617 de
755 558 847 617 servis
874 558 1051 617 accusatoris
1078 555 1151 616 crim

154 640 301 715 queritur,
315 657 416 698 verum
429 638 553 697 inveniri
565 640 678 715 potestl

122 735 141 789 5
195 719 262 795 Age
274 716 353 791 vero,
367 736 431 795 quas
444 727 517 789 erat,
532 727 582 776 aut
595 717 689 794 qualis
701 715 840 794 questiol
874 715 958 774 Heus
971 725 1013 787 tu,
1024 715 1150 789 Ruscio,

156 795 251 933 gesbi
277 797 381 877 causi)
409 815 481 855 cave
514 795 554 854 sis
580 795 738 854 mentiaris.
779 795 901 855 Clodius
931 794 1051 854 insidias
1078 795 1153 853 lecit
1230 799 1233 808 '

191 875 282 935 ilonil
322 874 416 934 Fecit
457 876 548 933 Certa
560 894 641 934 erun
682 874 787 933 Nullas
800 874 879 933 fecit.
921 875 1043 952 Sperata
1062 874 1152 932 liber-

155 965 208 1013 tas
248 953 331 1016 Quid
353 954 411 1013 hic
431 954 589 1031 questione
611 953 741 1013 certiusl
775 952 880 1012 Subitd
895 955 1001 1031 arrepti
1014 954 1045 1012 in
1058 972 1151 1030 quies-

155 1034 274 1105 tionem,
287 1043 385 1092 tamen
398 1043 567 1110 separantur
581 1052 599 1091 a
612 1033 735 1105 ceteris,
749 1033 824 1092 etin
843 1052 926 1092 arcas
942 1031 1150 1110 conjiciuntur,

111 1127 143 1180 ιο
156 1133 194 1172 ne
219 1112 284 1188 quis
310 1131 378 1171 eum
404 1112 441 1171 iis
467 1112 591 1188 oolloqui
617 1113 714 1189 possit
755 1111 810 1179 Ηί,
825 1121 943 1171 centum
970 1113 1033 1171 dies
1057 1131 1151 1189 penes

158 1201 355 1251 accusatorem
379 1188 447 1250 cbm
468 1191 601 1263 fuissent,
623 1191 660 1249 ab
678 1208 719 1250 'eo
742 1191 804 1269 ipso
827 1200 996 1250 accusatore
1015 1190 1150 1269 producti

156 1280 231 1329 sunt
271 1270 356 1332 Quid
380 1270 437 1329 hac
459 1271 618 1347 questione
639 1269 699 1329 dici
719 1279 813 1349 potest
834 1270 996 1349 integrius?
1016 1270 1085 1348 quid
1106 1269 1151 1329 in-

157 1369 241 1409 corru
274 1348 340 1408 ‘uel
683 1369 686 1370 ⁷

197 1360 319 1488 XXplII.
351 1426 444 1491 Quid
457 1427 483 1487 si
496 1429 627 1489 nondum
646 1427 718 1487 satis
730 1428 860 1502 cernitis,
876 1425 960 1508 (crim
973 1448 1020 1488 res
1033 1428 1094 1507 ipsa
1106 1437 1150 1486 tot

109 1516 143 1569 15
157 1518 217 1567 tam
237 1509 324 1567 claris
349 1509 526 1587 argumentis
547 1508 696 1587 signisque
718 1509 830 1590 luceat)
849 1508 922 1586 puri
945 1517 1041 1567 mente
1064 1517 1149 1584 atque

158 1587 271 1665 integri
284 1587 436 1660 Milonem,
449 1588 530 1648 nullo
550 1588 661 1647 scelere
684 1588 839 1660 imbutum,
852 1588 932 1647 nullo
945 1597 1025 1646 metu
1041 1596 1149 1664 perter-

158 1667 255 1739 ritum,
276 1667 358 1725 nulli
384 1666 564 1726 conscientii
590 1667 797 1740 exanimatum,
825 1666 953 1726 Romam
979 1667 1147 1736 revertisse;

157 1745 350 1805 recordamini
366 1745 430 1824 (per
450 1745 529 1810 Deos
550 1746 727 1805 immortales
738 1747 760 1827 l)
779 1765 843 1823 que
857 1746 944 1805 lirerit
958 1746 1091 1805 celeritas
1104 1764 1149 1803 re-

157 1824 325 1900 ditdsejus5
346 1825 396 1902 qut
406 1824 944 1903 ingressusinlorum,ardentecurii;
964 1843 1028 1901 que
1037 1824 1148 1902 magni·

107 1909 144 1964 20
158 1904 228 1963 tudo
249 1903 348 1976 animi,
361 1904 411 1981 qui
434 1903 540 1977 vultus,
561 1923 625 1995 que
646 1904 747 1964 oratio
787 1902 893 1980 Neque
912 1902 981 1963 verb
996 1923 1028 1962 se
1046 1903 1149 1981 populo

158 1980 261 2056 solum,
282 1983 334 2041 sed
355 1982 443 2041 etiam
464 1993 589 2055 senatur,
613 1983 775 2055 commisit3
806 2002 900 2059 neque
920 1983 1034 2042 senatui
1052 1979 1148 2053 modb,

158 2063 210 2121 sed
232 2063 320 2122 etiam
342 2062 468 2140 publicis
492 2062 634 2140 presidiis
657 2071 688 2120 et
711 2063 816 2134 armis;
836 2081 931 2145 neque
953 2062 998 2121 his
1021 2060 1147 2132 tantum,

158 2140 360 2201 verumetiam
379 2141 442 2219 ejus
461 2140 605 2219 potestati,
620 2140 669 2199 cui
689 2151 808 2201 senatus
826 2151 916 2200 totam
930 2140 1147 2218 rempublicam,

157 2239 273 2279 omnem
293 2220 386 2279 Italie
404 2222 521 2299 pubem,
533 2230 643 2280 cuncta
661 2221 760 2299 populi
778 2220 907 2280 Romani
929 2240 1018 2291 arma,
1032 2219 1150 2278 commi·

108 2306 144 2359 25
158 2310 251 2359 serat:
272 2300 321 2359 cui
341 2319 491 2377 nunquam
510 2320 542 2359 se
562 2299 612 2358 bic
631 2298 761 2377 profectui
780 2300 956 2371 tradidisset,
976 2299 1033 2358 nisi
1054 2317 1149 2357 cause
1185 2341 1186 2345 ,

158 2398 217 2437 sue
231 2379 404 2451 confideret;
424 2380 582 2457 presertim
602 2379 701 2438 omnia
721 2379 860 2451 audienti,
874 2398 982 2457 magna
998 2377 1149 2449 metuenti,

158 2459 249 2516 multa
268 2457 437 2533 suspicanti,
450 2460 593 2517 nonnulla
612 2458 752 2516 credenti.
793 2457 905 2536 Magna
918 2459 961 2516 vis
974 2468 1018 2516 est
1038 2456 1150 2516 cousci-

158 2535 255 2607 entia,
272 2535 396 2612 judices,
417 2544 447 2594 et
473 2555 581 2615 magna
607 2537 637 2595 in
664 2537 816 2614 utramque
841 2547 969 2616 partem3
996 2547 1029 2594 ut
1054 2554 1149 2611 neque

158 2613 288 2686 timeant,
303 2615 353 2691 qui
372 2614 445 2673 nihil
465 2615 681 2688 commiserint3
702 2626 732 2675 et
744 2636 859 2694 poenam
872 2636 984 2694 semper
998 2626 1065 2675 ante
1082 2634 1150 2674 ocu·v

108 2704 145 2759 30
158 2693 201 2752 los
213 2693 321 2751 versari
333 2703 444 2770 putent,
458 2694 509 2771 qui
521 2695 681 2772 peccarint.

198 2771 303 2848 Neque
323 2770 391 2832 verb
411 2773 475 2832 siue
493 2775 613 2840 ¹ratione
639 2774 721 2834 certi
745 2795 834 2834 causa
862 2775 981 2835 Milonis
1000 2793 1111 2851 semper
1132 2793 1150 2833 a

159 2861 262 2911 senatu
280 2852 401 2930 probata
419 2863 471 2912 est.
513 2854 661 2912 Videbant
684 2854 764 2913 enim
790 2855 993 2932 sapientissimi
1020 2852 1150 2913 homines

159 2931 229 2991 secti
249 2932 400 3005 rationem,
420 2932 602 3011 presentiam
626 2933 726 3006 animi,
747 2934 922 2993 defensionis
949 2932 1148 2993 constantiam.

160 3012 209 3070 An
222 3008 290 3071 verb
311 3011 392 3071 obliti
412 3013 492 3084 estis,
503 3011 628 3089 judices,
642 3013 753 3071 recenti
774 3013 824 3073 illo
843 3014 946 3072 nuntio
957 3012 1040 3071 necis
1053 3012 1150 3071 Clodi·

109 3103 145 3157 35
160 3110 233 3163 anae,
247 3112 305 3151 non
325 3089 411 3151 modd
433 3091 616 3151 inimicorum
637 3090 757 3151 Milonis
776 3111 922 3151 sermones
942 3102 972 3150 et
990 3092 1148 3169 opiniones,

159 3172 210 3229 sed
231 3172 434 3232 nonnullorum
455 3171 544 3230 etiam
567 3170 787 3248 imperitorum!
821 3170 979 3249 Negabaut
1001 3190 1069 3230 eum
1090 3171 1150 3230 Ro-

160 3269 235 3308 mam
250 3272 314 3310 esse
327 3252 495 3311 rediturum.
536 3251 605 3308 Sive
620 3250 699 3309 enim
713 3251 785 3308 illud
800 3252 896 3310 animo
909 3251 982 3310 irato
992 3270 1028 3309 ac
1040 3252 1151 3327 percito

160 3328 285 3401 fecisset,
297 3339 329 3387 ut
342 3331 480 3389 incensus
487 3330 554 3388 odio
563 3329 722 3388 trucidaret
736 3330 905 3401 inimicum
928 3330 1149 3401 arbitrabantur,

159 3425 226 3462 eum
246 3408 319 3464 tanti
340 3419 461 3467 mortem
481 3408 513 3465 P.
528 3408 627 3467 Clodii
646 3408 773 3484 putasse,
788 3418 820 3465 ut
840 3428 923 3483 aequo
943 3408 1039 3468 animo
1057 3408 1150 3486 patriti

110 3494 145 3547 4ο
159 3493 281 3554 careret,
296 3483 365 3542 cum
384 3486 526 3562 sanguine
546 3485 658 3544 inimici
679 3485 822 3562 explesset
840 3487 940 3544 odium
959 3506 1063 3545 suum:
1090 3487 1150 3545 sive

159 3562 247 3621 etiarn
261 3562 338 3619 illius
352 3573 443 3622 morte
455 3562 578 3639 patriam
588 3564 712 3622 liberare
726 3564 871 3635 voluisset,
881 3585 940 3623 non
954 3566 1150 3625 dubitaturum

159 3642 260 3700 fortem
274 3641 377 3713 virum,
391 3641 472 3716 quin,
482 3637 555 3697 'crim
569 3660 622 3698 suo
640 3642 770 3717 periculo
790 3642 913 3701 salutem
930 3644 1096 3721 reipublice
1111 3656 1151 3704 at·

159 3721 281 3792 tulisset,
295 3720 413 3778 cederet
433 3737 514 3794 aequo
534 3718 631 3778 animo
653 3718 793 3801 [legibus]
804 3742 812 3791 ;
833 3742 934 3781 secum
955 3725 1080 3783 auferret
1092 3725 1152 3803 glo·

159 3800 230 3861 riam
252 3798 466 3877 sempiternam,
480 3797 563 3857 nobis
584 3798 647 3858 haec
668 3799 790 3863 fruenda
809 3802 993 3879 relinqueret,
1007 3824 1071 3881 que
1091 3804 1151 3882 ipse
