2692 4484
154 301 196 360 24
423 293 561 369 ORATIO
583 294 618 363 ll.
641 293 679 343 IN
702 294 732 343 L.
755 293 970 347 CATILINAM.

481 388 486 399 .
513 374 524 405 ι
576 380 580 389 ·
918 392 920 395 ,

402 398 429 421 ,·
466 392 471 401 ¹
622 392 626 401 ·
946 424 950 431 ,
1062 370 1161 431 ³⁴51

205 439 251 498 Ex
272 439 327 501 hac
354 435 432 494 enim
452 445 533 512 parte
553 436 644 511 pudor
669 445 789 512 pugnat,
812 437 894 495 illinc
918 437 1096 513 petulantia;
1118 443 1188 502 hinc

205 504 354 593 pudicitie,
370 515 451 572 illinc
472 512 629 591 stuprum·
639 515 710 597 hinc
721 515 823 609 ,fidesh
833 516 914 574 illinc
936 518 1095 590 fraudati03
1106 522 1187 581 affin„

204 596 306 671 pietas,
321 594 401 651 illinc
417 593 527 661 scelus;
549 593 619 650 hinc
635 584 813 677 constantii,
827 594 909 653 illinc
931 596 1025 667 furor;
1048 599 1118 657 hinc
1138 601 1186 659 ho-

204 684 311 742 nestas,
321 672 402 729 illinc
410 671 570 747 turpitud0;
581 672 649 729 hine
657 673 846 744 continentia,
855 674 937 733 illinc
944 675 1049 734 libido:
1061 678 1185 754 denique

173 751 334 826 5aequitas,
357 749 556 825 temperantia,
578 750 724 822 fortitudo,
744 753 907 828 prudentia,
929 754 1049 851 virtppps
1064 776 1184 836 (omnes,

205 839 318 887 certant
331 846 398 886 cum
422 827 584 903 iniquitate,
597 847 664 886 curn
686 829 810 901 luxuria,
825 849 893 887 curu
905 818 1124 908 ‘Iffiavrafcim
1144 845 1185 894 te-

205 908 347 978 meritate,
355 921 429 984 ‚cum
442 907 519 963 vitiis
530 906 682 975 omnibrm:
702 906 856 984 postremd,
870 910 960 986 copiae
970 930 1038 969 cum
1046 923 1183 990 egestate,

206 987 280 1044 bona
294 986 366 1044 ratio
379 1003 447 1042 cum
459 984 581 1061 perdita,
595 974 762 1063 merisqana
775 1005 843 1044 curn
864 988 1001 1061 amentia,
1016 990 1092 1048 bona
1105 992 1185 1050 deni·

205 1084 261 1140 que
287 1084 351 1141 spes
373 1081 441 1120 cum
461 1063 589 1121 omnium
611 1064 938 1140 rerummesperatione,
960 1068 1098 1145 confligit.
1146 1069 1182 1128 In

160 1148 190 1201 10
205 1142 367 1219 hujusmodi
381 1141 539 1200 certamine
561 1160 597 1199 ac
617 1132 863 1219 proelio,m0nne,
878 1146 966 1203 etiam
987 1146 1012 1204 si
1034 1147 1182 1206 hominurn

205 1222 301 1279 studia
314 1221 460 1290 deficiant,
469 1219 519 1277 Dii
534 1219 588 1295 ipsi
602 1219 779 1280 immortales
789 1234 906 1299 cogent,
917 1224 953 1282 ab
966 1225 1012 1282 his
1024 1226 1183 1302 preclaris·

205 1300 285 1358 simis
298 1299 460 1369 virtutibus,
474 1309 516 1356 tot
529 1309 558 1355 et
571 1307 652 1356 tanta
665 1299 735 1356 vitia
748 1302 898 1377 superaril

244 1378 317 1437 XII.
344 1378 422 1441 Quae
444 1374 513 1435 edm
539 1377 579 1435 ita
606 1376 673 1448 sint,
694 1377 839 1450 Quirites,
860 1398 920 1451 vos,
941 1382 1182 1456 quemadmodum

146 1534 149 1537 ι
210 1456 270 1533 jam
285 1468 378 1527 antea,
393 1466 486 1514 vestra
499 1465 577 1515 tecta
590 1456 728 1514 custodiis
741 1458 903 1535 vigiliisque
917 1458 1079 1518 defendite:
1099 1462 1181 1531 mihi,

158 1544 191 1596 15
205 1546 237 1593 ut
250 1535 332 1606 Urbi,
351 1536 413 1592 sine
433 1544 527 1594 restro
547 1544 625 1592 motu
649 1553 685 1592 ac
705 1536 769 1594 sine
790 1536 849 1594 ullo
869 1535 1004 1607 tumultu,
1018 1540 1088 1594 satis
1108 1549 1183 1596 esset

204 1614 339 1690 presidii,
354 1613 516 1672 consultum
530 1632 565 1671 ac
586 1613 729 1688 provisum
751 1625 803 1671 est.
846 1614 949 1672 Coloni
969 1633 1070 1673 omnes
1090 1618 1183 1675 muni·

205 1694 339 1768 cipesque
353 1693 449 1761 vestri,
458 1690 595 1749 certiores
609 1710 626 1748 a
639 1710 687 1748 me
702 1690 771 1749 facti
781 1691 818 1749 de
831 1693 888 1749 hac
901 1694 1042 1751 nocturni
1057 1695 1183 1753 excursi-

204 1789 260 1828 one
273 1771 417 1840 Catilinae,
427 1767 513 1827 facile
528 1770 614 1826 urbes
628 1787 696 1826 suas
708 1768 838 1845 finesque
852 1769 1024 1828 defendent:
1044 1773 1181 1848 gladiato·

204 1867 261 1918 res,
285 1867 372 1924 quam
398 1848 453 1905 sibi
475 1848 523 1905 ille
545 1847 701 1904 maximam
724 1866 842 1905 manum
865 1858 894 1905 et
915 1849 1105 1907 certissimam
1123 1852 1183 1909 fore

154 1942 191 1996 20
204 1928 324 2003 putavit,
340 1926 516 2003 (quanquam
529 1925 647 1984 meliore
662 1925 759 1983 animo
774 1936 850 1998 sunt,
864 1924 952 2002 quam
972 1947 1038 2003 pars
1051 1930 1195 2005 patricios

204 2009 282 2084 rum)
300 2015 439 2083 potestate
459 2015 557 2063 tamen
573 2004 677 2063 noema
698 2004 930 2063 continebuntur.
971 2006 1012 2068 Q.
1035 2005 1181 2079 Metellus,

204 2104 361 2162 quemego,
370 2084 546 2162 prospiciens
560 2084 625 2154 hoc,
635 2082 666 2141 in
681 2101 781 2160 agrurn
791 2084 977 2142 Gallicanum
985 2085 1182 2160 Picenumque

203 2164 337 2241 praemisi,
366 2174 416 2222 aut
440 2163 581 2240 opprimet
608 2162 764 2234 hominem,
794 2173 843 2220 aut
868 2183 969 2222 omnes
995 2164 1058 2239 ejus
1089 2174 1182 2221 motus

204 2253 379 2318 conatusque
387 2241 556 2319 prohibebit.
577 2240 713 2317 Reliquis
723 2251 819 2300 autem
828 2243 958 2302 derebus
966 2242 1181 2312 constituendis,

154 2337 190 2391 25
205 2322 391 2392 maturandis,
407 2320 604 2398 agendis,jam
618 2321 654 2378 ad
668 2331 802 2378 senatum
810 2322 979 2394 reseremus,
988 2339 1073 2398 quem
1086 2321 1180 2378 vocari

204 2401 315 2458 videtis.
734 2456 737 2463 ,
827 2396 841 2416 ’

243 2476 333 2535 Nunc
347 2476 419 2547 illos,
432 2477 482 2552 qui
496 2477 525 2534 in
539 2476 618 2534 Urbe
627 2484 837 2546 remanserunt,
848 2485 932 2550 atque
942 2473 1014 2532 aded
1024 2473 1182 2549 quicontra

205 2555 291 2614 Urbis
304 2555 425 2613 salutem
438 2555 622 2630 omniumque
636 2552 772 2624 vestrim,
782 2553 813 2610 in
821 2553 900 2613 Urbe
915 2573 932 2611 a
946 2553 1075 2611 Catilina
1088 2554 1181 2612 relicti

205 2644 281 2705 sunt,
303 2653 466 2710 quanquam
487 2644 554 2692 sunt
575 2635 680 2704 hostes,
703 2643 811 2703 tamen,
833 2631 901 2708 quia
922 2632 983 2689 nati
1005 2634 1072 2689 sunt
1093 2633 1181 2702 cives,

155 2716 191 2771 30
205 2714 326 2771 monitos
339 2713 426 2771 etiam
441 2723 525 2788 atque
546 2713 633 2770 etiam
655 2711 726 2770 volo.
755 2698 839 2794 (lllea
860 2710 964 2768 lenitas
986 2710 1081 2767 adhuc
1095 2712 1119 2767 si
1134 2712 1181 2768 cui

205 2792 320 2849 solutior
334 2791 395 2848 visa
408 2802 461 2863 est,
476 2793 531 2850 hoc
552 2789 737 2868 exspectavit,
752 2799 784 2846 ut
805 2789 846 2860 id,
860 2790 936 2865 quod
957 2789 1075 2859 latebat,
1090 2809 1182 2846 erum-

204 2881 292 2946 peret.
330 2869 422 2931 Quod
436 2871 576 2946 reliquum
591 2879 643 2940 est,
656 2868 717 2944 jam
731 2888 789 2926 non
802 2887 918 2944 possum
931 2867 1077 2938 oblivisci,
1087 2887 1180 2925 meam

205 2950 282 3008 hanc
297 2969 359 3008 esse
372 2951 504 3025 patriam,
518 2968 564 3006 me
579 2949 681 3007 horum
695 2966 758 3005 esse
780 2946 944 3016 consulem;
965 2946 1037 3003 mihi
1052 2956 1101 3003 aut
1115 2965 1181 3003 curn

206 3028 250 3085 his
264 3028 427 3099 vivendum,
437 3039 486 3086 aut
499 3047 550 3105 pro
558 3027 603 3084 his
617 3025 883 3085 esse'moriendum.
924 3025 1031 3083 Nullus
1044 3035 1087 3083 est
1094 3036 1181 3100 portae

155 3097 190 3150 35
205 3119 310 3180 custos,
325 3107 421 3165 nullus
435 3107 583 3166 insidiator
600 3106 670 3164 viae:
692 3105 717 3162 si
738 3105 788 3181 qui
811 3106 889 3164 exire
911 3105 1018 3175 volunt,
1033 3103 1182 3161 consulere

205 3187 260 3244 sibi
272 3199 398 3267 possunt.
438 3187 502 3249 Qui
516 3183 583 3244 verri
602 3185 632 3243 in
653 3185 733 3243 Urbe
754 3204 786 3242 se
808 3185 1003 3255 commoverit,
1026 3182 1108 3258 cujus
1128 3201 1182 3256 ego

204 3266 368 3324 nonmodd
390 3267 509 3336 factum,
531 3265 584 3323 sed
605 3264 751 3340 inceptum
773 3264 864 3321 ullum
886 3274 1057 3321 conatumve
1083 3269 1183 3318 contra

204 3343 335 3416 patriam,
358 3344 587 3416 deprehender03
617 3342 722 3398 sentiet
743 3341 783 3397 in'
795 3342 852 3396 hac
873 3340 944 3394 urbe
965 3355 1029 3393 esse
1050 3336 1182 3393 consules

205 3417 365 3493 vigilantes,
388 3437 451 3476 esse
472 3418 603 3494 egregios
624 3417 818 3491 magistratus,
828 3434 896 3491 ,esse
909 3414 1019 3481 ‘fortem
1040 3424 1181 3483 senatum,

79 3510 81 3515 ⁴
157 3507 191 3561 40
205 3516 268 3554 esse
296 3515 384 3566 arma,
407 3516 470 3554 esse
492 3510 649 3563 carcerem,
671 3511 758 3567 quem
779 3484 937 3577 vindicem.
951 3489 1125 3548 nefariorum
1147 3510 1183 3548 ac

205 3574 421 3633 manifestorum
435 3576 577 3633 scelerum
592 3570 713 3645 majores
727 3571 815 3628 nostri
829 3570 1063 3632 esse'voluerunt

244 3653 334 3712 XIII.
364 3654 461 3729 Atque
483 3655 546 3711 haec
566 3649 664 3709 omnia
685 3649 729 3708 sic
756 3659 887 3725 agentur,
907 3647 1050 3717 Quirites,
1077 3657 1109 3704 ut
1137 3667 1182 3705 res

206 3733 338 3791 maxima
353 3733 473 3805 minimo
489 3741 578 3801 motu,
592 3727 722 3805 pericula
743 3746 855 3785 summa
876 3726 955 3785 nullo
975 3725 1110 3797 tumultu,
1125 3725 1183 3784 bel·

206 3813 265 3871 lum
288 3802 455 3871 intestinum
478 3831 513 3870 ac
534 3807 735 3878 domesticum,
757 3818 819 3884 post
840 3806 988 3864 hominum
1015 3806 1181 3864 memoriam
