2692 4484
124 286 127 291 ’
156 327 198 388 33
416 322 682 373 cancrorum
707 323 737 372 1..
761 322 975 374 cnrrnrnnu.

209 470 258 528 die
277 468 410 526 maximis
428 467 553 544 praemiis
574 466 678 525 affecit.
718 466 786 525 Jam
806 469 862 526 hoc
881 469 993 526 nemini
1011 469 1132 527 dubium
1145 482 1201 545 est,

209 548 259 623 qui
279 567 329 606 reo
345 547 516 618 custodiam,
530 546 673 621 quasitori
693 547 925 624 gratulationem,
940 548 1031 606 indici
1049 552 1201 625 premium

210 626 347 696 decrevit,
368 624 437 700 quid
463 625 501 683 de
527 626 586 682 tota
610 644 641 682 re
661 635 691 683 et
711 626 801 683 causti
824 626 971 702 judicarit.
1014 629 1055 684 At
1074 628 1143 686 vero
1163 631 1199 687 C.

210 707 309 763 caesar
323 704 467 780 intelligit,
481 704 576 781 legem
591 705 790 780 Semproniam
804 725 867 762 esse
881 706 918 762 de
932 706 1044 763 civibus
1057 707 1201 766 Romanis

175 783 193 836 5
211 784 413 852 constitutam3
435 783 483 858 qui
498 793 594 841 autem
608 782 774 859 reipublice
788 783 824 841 sit
838 784 937 854 hostis,
948 786 1121 843 eum'civem
1136 807 1200 844 esse

210 863 290 921 nullo
309 863 393 920 modo
411 881 509 937 posse;
531 861 656 937 denique
677 861 769 937 ipsum
788 862 909 919 latorem
922 863 995 939 legis
1013 865 1200 940 Sempronia,

211 942 320 1019 injussu
340 941 446 1017 populi,
465 959 566 1017 poenas
588 941 754 1016 reipublicae
783 941 961 1016 dependisse.
1003 942 1085 1001 Idem
1106 945 1201 1019 ipsum

214 1021 378 1090 Lentulum,
392 1019 556 1096 largitorem
577 1030 606 1077 et
623 1019 784 1095 prodigum,
799 1040 856 1078 non
868 1031 960 1096 putat,
974 1019 1042 1078 cum
1056 1022 1093 1079 de
1105 1024 1201 1097 perni-

212 1100 258 1158 cie
269 1099 366 1176 populi
386 1097 524 1169 Romani,
538 1108 568 1155 et
585 1098 673 1155 exitio
687 1098 772 1174 hujus
786 1099 875 1169 urbis,
889 1109 948 1156 tam
963 1100 1067 1158 acerbe
1082 1111 1200 1175 tamque

160 1181 194 1235 10
212 1179 367 1237 crudeliter
381 1178 524 1254 cogitirit,
539 1176 676 1253 appellari
688 1196 771 1253 posse
784 1179 957 1254 popularem.
997 1178 1101 1253 Itaque
1115 1180 1201 1238 homo

212 1257 379 1315 mitissimus
394 1267 479 1331 atque
492 1255 657 1314 lenissimus
669 1275 728 1313 non
742 1256 855 1314 dubitat
868 1258 900 1315 P.
916 1258 1071 1315 Lentulum
1085 1259 1201 1316 aeternis

212 1336 339 1395 tenebris
352 1335 531 1410 vinculisque
544 1334 700 1393 mandare:
721 1344 751 1392 et
764 1336 858 1393 sancit
871 1336 900 1394 in
914 1348 1067 1413 posterum,
1076 1357 1113 1395 ne
1124 1338 1200 1413 quis,

213 1415 299 1492 hujus
318 1414 457 1491 supplicio
476 1414 607 1484 levando,
628 1433 659 1470 se
683 1413 804 1489 jactare,
825 1425 854 1472 et
875 1415 904 1473 in
928 1415 1081 1495 [pernicie]
1103 1417 1200 1492 populi

212 1495 340 1552 Romani
353 1494 472 1571 posthac
484 1492 627 1569 popularis
641 1512 714 1563 esse,
723 1493 818 1569 possit.
852 1495 995 1571 Adjungit
1009 1494 1095 1552 etiam
1108 1495 1200 1570 publi·

161 1578 195 1633 15
213 1573 356 1632 cntionem
365 1574 554 1643 bonorumet
567 1591 667 1629 omnes
679 1572 768 1645 animi
777 1573 922 1631 cruciatus
936 1585 965 1631 et
978 1573 1103 1648 corporis
1111 1575 1199 1630 etiam

212 1664 325 1731 egestas
340 1671 374 1710 ac
387 1650 561 1709 mendicitas
574 1662 775 1725 consequatur.

252 1732 305 1790 VI.
335 1731 545 1801 Quamobrem,
554 1730 614 1788 sive
627 1731 684 1788 hoc
698 1731 865 1802 statueritis,
879 1731 1015 1790 dederitis
1028 1731 1098 1789 mihi
1113 1731 1200 1790 comi-

213 1820 271 1868 tem
293 1811 329 1868 ad
349 1810 528 1880 concionem,
542 1810 646 1886 populo
665 1828 766 1866 carum
787 1822 873 1885 atque
883 1811 1061 1888 jucundum:
1082 1810 1141 1867 sive
1155 1810 1201 1867 Si-

213 1890 273 1947 lani
284 1890 457 1948 sententiam
471 1888 552 1964 sequi
566 1887 735 1959 malueritis,
747 1887 833 1946 facile
847 1908 894 1947 me
909 1901 993 1964 atque
1007 1909 1056 1948 vos
1070 1909 1087 1946 a
1100 1889 1201 1946 crude-

160 1978 196 2033 20
213 1968 301 2026 litatis
321 1968 527 2045 vituperatione
547 1967 724 2037 defendetis;
755 1978 840 2042 atque
859 1968 1003 2038 obtinebo,
1024 1987 1088 2026 eam
1108 1965 1200 2024 multi)
1257 1990 1261 1997 ·

213 2047 347 2106 leviorem
368 2048 464 2106 fuisse.
505 2047 694 2122 Quanquam,
711 2047 812 2104 Patres
832 2045 1005 2122 Conscripti,
1026 2064 1090 2121 qua
1110 2056 1201 2122 potest

213 2146 276 2186 esse
291 2127 407 2185 intanti
425 2125 543 2186 sceleris
563 2125 742 2184 immanitate
761 2125 908 2202 punienda
928 2124 1102 2182 crudelitasl
1137 2125 1202 2201 Ego
1264 2190 1275 2201 .

213 2207 291 2264 enim
311 2207 347 2265 de
367 2227 432 2265 meo
452 2225 538 2264 sensu
556 2205 663 2280 judico.
705 2205 794 2276 Nam,
810 2205 850 2263 ita
863 2204 934 2262 mihi
954 2203 1033 2261 salva
1052 2203 1202 2280 republica

214 2285 361 2344 vobiscum
370 2286 478 2362 perfrui
491 2286 588 2355 liceat,
597 2295 630 2341 ut
643 2304 708 2361 ego,
717 2283 795 2360 quod
804 2284 833 2342 in
844 2286 901 2343 hac
910 2283 998 2341 causa
1007 2281 1201 2340 vehementior

160 2370 197 2424 25
214 2384 287 2436 sum,
302 2385 358 2423 non
374 2365 523 2423 atrocitate
538 2363 626 2421 animi
640 2383 763 2434 moveor,
774 2364 853 2439 (quis
863 2363 940 2421 enirn
954 2373 998 2420 est
1010 2381 1057 2419 me
1072 2362 1165 2420 mitior
1173 2362 1200 2441 l)

214 2444 264 2500 sed
286 2443 423 2518 singulari
444 2444 570 2517 quddam
597 2442 775 2500 humanitate
795 2454 825 2498 et
844 2442 1050 2499 misericordia.
1091 2441 1202 2498 Videor

214 2521 292 2579 enim
312 2521 383 2577 mihi
404 2522 480 2578 hanc
501 2521 601 2578 urbem
621 2521 729 2591 videre,
742 2520 839 2577 lucem
859 2519 937 2577 orbis
956 2529 1097 2576 terrarum
1117 2529 1202 2594 atque

216 2618 312 2657 arcem
332 2600 459 2657 omnium
480 2599 619 2677 gentium,
634 2599 729 2657 subitb
750 2618 809 2657 uno
828 2598 964 2656 incendio
981 2596 1200 2656 concidentem:

215 2697 303 2737 cerno
331 2678 435 2750 animo,
460 2678 571 2756 sepulta
599 2680 629 2738 in
656 2679 759 2755 patria,
787 2679 906 2736 miseros
934 2688 1019 2753 atque
1048 2677 1203 2753 insepultos

161 2763 197 2817 30
215 2776 332 2816 acervos
353 2757 476 2816 civium:
497 2769 625 2817 versatur
639 2758 711 2816 mihi
726 2768 795 2827 ante
806 2758 904 2817 oculos
919 2768 1051 2834 aspectus
1069 2755 1201 2833 Cethegi,

215 2848 244 2894 et
258 2837 344 2908 furor,
356 2835 385 2894 in
399 2838 492 2895 vestri
504 2837 583 2895 caede
597 2838 776 2896 bacchantis.
816 2836 892 2895 Cinn
906 2835 974 2896 verb
989 2836 1059 2894 mihi
1072 2835 1203 2911 proposui

214 2928 384 2993 regnantem
404 2916 560 2974 Lentulum
575 2916 664 2994 (sicut
685 2917 746 2993 ipse
766 2937 797 2975 se
817 2926 857 2975 ex'
872 2917 938 2975 latis
951 2916 1080 2993 sperasse
1094 2914 1203 2972 conses-

215 3015 264 3053 sus
290 2997 358 3076 est),
378 3006 564 3073 purpuratum
592 3016 656 3054 esse
684 2996 763 3054 hunc
790 2996 958 3067 Gabinium,
980 3014 1047 3053 cum
1075 2994 1203 3051 exercitu

215 3075 328 3144 venisse
349 3075 526 3149 Catilinam;
545 3086 606 3132 tum
619 3075 856 3134 lamentationem
870 3072 1128 3143 matrumfamilias,
1142 3083 1203 3128 tum

162 3156 198 3210 35
216 3154 313 3233 fugam
334 3156 592 3237 virginumlrttque
618 3170 782 3230 puerorum,
805 3174 839 3212 ac
861 3155 1040 3212 vexationem
1061 3151 1203 3228 virginum
1243 3159 1247 3174 '

214 3235 387 3306 Vestalium,
407 3236 610 3312 perhorresco:
638 3243 678 3305 et,
699 3235 767 3307 quia
787 3233 858 3291 mihi
879 3235 1062 3291 vehementer
1083 3231 1145 3287 haec
1165 3229 1205 3286 vi·

216 3314 319 3373 dentur
332 3314 438 3371 misera
453 3325 537 3389 atque
551 3312 725 3383 miseranda,
735 3313 847 3370 idcirco
858 3311 886 3367 in
896 3330 954 3381 eos,
964 3311 1013 3385 qui
1023 3330 1058 3367 ea
1067 3309 1204 3385 perficere

216 3392 377 3462 voluerunt,
386 3411 432 3448 me
441 3411 572 3450 severum
580 3393 837 3464 vehementemque
845 3388 967 3465 praebeo.
1003 3388 1120 3445 Etenim
1131 3406 1206 3462 quae-

217 3488 258 3538 ro,
273 3469 296 3525 si
311 3470 375 3544 quis
388 3470 602 3545 paterfamilias,
616 3470 715 3527 liberis
732 3469 792 3526 suis
806 3488 823 3526 a
836 3486 917 3524 servo
935 3466 1104 3536 interiectis,
1118 3485 1206 3524 uxore

164 3547 458 3618 neocesareensi
479 3550 573 3620 domo,
587 3549 759 3626 supplicium
780 3548 816 3606 de
837 3545 926 3605 servis
946 3546 1107 3621 nonquam
1129 3564 1207 3603 acer·

217 3625 367 3695 bissimurn
387 3629 555 3702 sumpserit;
576 3627 672 3687 utrirm
689 3629 713 3685 is
726 3628 855 3686 clemens
869 3646 905 3684 ac
918 3624 1092 3696 misericors,
1107 3644 1143 3681 an
1166 3624 1207 3681 in·

219 3706 441 3764 humanissimus
454 3717 484 3763 et
498 3708 723 3779 crudelissimus,
738 3727 801 3766 esse
815 3707 968 3765 videaturl
989 3705 1060 3762 mihi
1074 3701 1142 3762 verb
1157 3702 1207 3759 irn-

216 3796 356 3863 portunus
365 3804 400 3842 ac
411 3784 530 3856 ferreus,
542 3786 591 3860 qui
602 3806 669 3857 non,
679 3786 776 3845 dolore
788 3807 823 3845 ac
834 3785 967 3844 cruciatu
977 3783 1207 3854 nocentis,suum

217 3865 343 3934 dolorem
365 3863 583 3937 cruciatumque
603 3864 726 3937 lenierit,
769 3867 820 3922 Sic
840 3885 902 3939 nos,
918 3864 948 3920 in
968 3863 1014 3919 his
1034 3861 1206 3939 bominibus,
