2692 4484
392 260 525 309 ORATIO
550 258 569 307 l.
592 258 630 307 IN
655 259 686 308 L.
704 258 918 308 CATILINAM.
1152 267 1189 324 15

167 406 270 463 timesl
290 403 456 480 praeclaram
469 400 537 461 verb
559 402 663 478 populo
684 402 819 459 Romano
839 401 928 459 refers
948 402 1080 478 gratiam,
1093 404 1141 478 qui

167 495 205 554 te,
215 483 359 540 hominem
367 501 417 557 per
428 492 457 539 te
468 481 628 557 cognitum,
638 481 719 538 nulla
729 481 980 537 commendatione
992 481 1141 556 majorum,

166 572 225 617 tam
238 559 349 617 mature
365 562 401 617 ad
414 579 557 616 summum
574 559 724 634 imperium
736 578 786 634 per
800 577 900 615 omnes
923 560 1065 616 honorum
1080 578 1143 634 gra·

166 640 220 696 dus
234 640 343 709 extulit,
359 640 393 710 si,
407 650 522 714 propter
536 637 673 694 invidiam
690 648 739 693 aut
751 638 872 713 alicujus
885 637 1007 711 periculi
1022 649 1142 707 metum,

166 718 292 785 salutem
301 717 407 774 civium
421 727 535 774 tuorum
557 715 690 791 negligis.
732 715 801 785 Sed,
823 717 848 772 si
871 715 935 790 quis
959 726 1003 772 est
1025 715 1142 772 invidiae
1175 722 1192 772 5

127 841 130 849 .
165 808 270 860 metus,
286 814 355 852 num
377 805 421 852 est
440 792 640 850 vehementius
662 793 823 850 severitatis
847 813 881 849 ac
905 794 1079 850 fortitudinis
1100 794 1144 850 in·

166 874 252 944 vidia,
267 872 352 949 qnam
368 873 478 930 inertiae
493 891 528 929 ac
542 871 687 946 nequitiae,
701 872 954 945 pertimescendal
996 873 1056 942 An,
1071 870 1140 941 crim

167 952 241 1009 bello
256 951 410 1008 vastabitur
425 950 520 1017 Italia,
532 950 711 1005 vexabuntur
720 950 814 1019 urbes,
830 959 907 1006 tecta
921 950 1071 1021 ardebunt,
1080 960 1141 1007 tum

167 1041 195 1088 te
210 1049 268 1087 non
282 1031 429 1086 existimas
443 1027 558 1085 invidiae
573 1028 708 1084 incendio
723 1027 966 1104 conflagraturum
977 1029 1013 1084 l’'
1027 1076 1031 1083 .

206 1107 279 1165 XII.
302 1108 358 1164 His
371 1126 426 1183 ego
449 1106 638 1162 sanctissimis
659 1106 825 1181 reipublicae
851 1106 978 1176 vocibus,
1001 1114 1141 1163 eteorum
1156 1108 1191 1160 10

166 1187 326 1256 hominum,
341 1186 390 1260 qui
412 1185 489 1241 idem
510 1183 647 1253 sentiunt,
661 1184 817 1253 mentibus,
837 1203 932 1260 pauca
952 1184 1140 1259 respondebo.

167 1264 240 1341 Ego,
248 1265 272 1320 si
286 1265 342 1321 hoc
355 1262 494 1338 optimum
504 1262 583 1319 sactu
594 1261 765 1337 judicarem,
776 1261 877 1319 Patres
888 1262 1062 1338 Conscripti,
1074 1263 1143 1319 Cat-
1212 1286 1219 1301 ·

167 1343 267 1400 ilinam
281 1352 372 1399 morte
386 1340 499 1398 multari
512 1360 518 1409 ;
541 1341 627 1398 unius
642 1359 757 1396 usuram
778 1341 854 1397 horae
874 1341 1026 1417 gladiatori
1044 1340 1091 1396 isti
1106 1341 1142 1397 ad

167 1421 321 1478 vivendum
335 1439 392 1477 non
407 1419 558 1476 dedissem.
600 1417 727 1488 Etenim,
741 1418 765 1475 si
784 1420 887 1475 summi
901 1419 964 1490 viri,
978 1430 1007 1475 et
1020 1418 1143 1475 clarissi-

167 1500 207 1556 mi
222 1499 309 1565 cives‚
322 1497 480 1568 Saturnini,
495 1507 524 1553 et
534 1497 745 1566 Gracchorum,
758 1506 788 1552 et
801 1496 912 1569 Flacci,
922 1509 951 1554 et
964 1497 1142 1572 superiorum
1158 1495 1191 1547 15

168 1576 357 1652 complurium
371 1576 523 1652 sanguine,
538 1594 596 1631 non
610 1571 696 1631 modd
711 1593 742 1630 se
756 1594 814 1630 non
833 1576 1077 1645 contaminarunt,
1091 1576 1142 1632 sed

168 1655 255 1712 etiam
270 1655 473 1723 honestarunt3
496 1652 576 1711 certe
592 1653 662 1709 mihi
677 1653 833 1709 verendum
854 1665 997 1723 nouerat,
1012 1653 1141 1727 nequid,

168 1734 224 1790 hoc
237 1733 381 1808 parricida
395 1732 502 1789 civium
513 1731 675 1801 interfecto,
690 1730 804 1787 invidiae
819 1732 890 1787 mihi
905 1731 934 1787 in
948 1731 1141 1806 posteritatem

168 1811 349 1868 redundaret.
390 1808 520 1873 Quodsi
540 1829 576 1867 ea
596 1809 666 1865 mihi
681 1807 807 1865 maxime
828 1809 1023 1884 impenderet;
1045 1822 1141 1868 tamen

168 1890 224 1946 hoc
239 1890 334 1947 animo
354 1909 467 1964 semper
485 1888 539 1959 fui,
554 1898 586 1946 ut
599 1887 739 1945 invidiam
759 1887 863 1944 virtute
876 1898 997 1962 partam,
1011 1889 1141 1965 gloriam,
1156 1894 1192 1947 20

169 1986 227 2024 non
242 1967 389 2039 invidiam,
402 1979 541 2043 putarem.

207 2045 384 2121 Quanquam
399 2046 530 2104 nonnulli
540 2054 607 2102 sunt
618 2045 646 2101 in
659 2046 715 2102 hoc
725 2044 837 2115 ordine,
849 2044 899 2119 qui
910 2055 959 2101 aut
967 2064 1012 2112 ea,
1021 2062 1084 2118 quae
1093 2042 1145 2099 im·

168 2123 289 2193 minent,
305 2144 362 2180 non
376 2125 510 2189 videant3
531 2134 580 2180 aut
603 2143 648 2192 ea,
662 2143 726 2197 quae
749 2123 857 2194 vident,
872 2123 1073 2190 dissimulent;
1094 2121 1142 2196 qui

169 2201 392 2283 spem'lxlatjlinae
402 2201 534 2257 mollibus
543 2202 693 2258 sententiis
704 2201 846 2272 aluerunt,
859 2201 1142 2277 conjurationemqne

169 2264 348 2349 nas‘cbntiirfi,
358 2298 416 2335 non
428 2279 582 2345 credend0,
592 2280 853 2337 corroboraverunt.
888 2280 1023 2341 Quorum
1032 2290 1142 2335 auctor·
1156 2276 1192 2330 25

169 2356 269 2414 itatem
283 2356 375 2414 secuti
389 2357 481 2427 multi,
496 2375 553 2413 non
568 2355 660 2413 solirm
685 2358 814 2433 improbi,
829 2355 929 2415 verum
952 2357 1041 2414 etiam
1055 2356 1143 2432 impe·

168 2435 227 2504 riti,
242 2435 309 2490 siin
324 2435 403 2491 hunc
418 2435 691 2506 animadvertissem,
707 2437 870 2503 crudeliter,
885 2446 914 2493 et
928 2435 1007 2512 regie
1033 2435 1141 2492 factum
1203 2473 1208 2480 ·

168 2530 233 2568 esse
245 2512 382 2569 dicerent.
423 2510 513 2569 Nunc
527 2513 665 2588 intelligo,
680 2514 704 2570 si
718 2514 780 2584 iste,
794 2512 850 2589 qud
865 2515 998 2585 intendit,
1013 2515 1043 2571 in
1057 2514 1142 2571 Mau·

84 2628 89 2641 .
168 2590 248 2646 liana
267 2599 361 2647 castra
373 2591 545 2667 pervenerit,
560 2592 708 2648 neminem
720 2601 779 2648 tam
790 2593 908 2650 stultum
922 2593 991 2663 fore,
1012 2593 1061 2668 qui
1082 2611 1140 2648 non

169 2668 264 2725 videat
278 2668 506 2744 conjurationem
521 2689 584 2726 esse
598 2670 715 2741 factam,
730 2670 875 2727 neminem
897 2680 956 2726 tam
970 2670 1140 2746 improbum,
1156 2665 1191 2717 30

168 2746 217 2821 qui
232 2765 289 2804 non
305 2748 435 2804 fateatur.
478 2747 545 2804 Hoc
560 2758 656 2805 autem
671 2767 729 2804 uno
743 2749 906 2818 interfecto,
921 2749 1049 2824 intelligo
1064 2749 1141 2805 hanc

168 2825 334 2899 reipublicae
347 2836 457 2900 pestem
471 2826 616 2901 paulisper
629 2827 756 2901 reprimi,
770 2845 829 2883 non
841 2826 870 2882 in
881 2837 1050 2901 perpetuum
1065 2845 1142 2883 com-

168 2903 262 2977 primI,
277 2923 367 2978 posse.
408 2901 499 2964 Quod
514 2903 582 2960 sisa
596 2902 725 2978 ejecerit,
740 2922 907 2978 secumque
920 2923 986 2961 suos
999 2905 1140 2974 eduxerit,

168 2990 199 3037 et
211 2979 314 3038 ebdom
329 2991 446 3038 caeteros
460 2982 586 3054 undique
600 2982 740 3040 collectos
752 2978 915 3057 naufragos
925 2983 1122 3058 aggregaverit
1133 3002 1140 3051 ;

168 3059 367 3134 exstinguetur
382 3068 466 3132 atque
477 3059 628 3130 delebitur,
639 3079 699 3118 non
713 3057 799 3116 modb
822 3060 884 3116 haec
897 3070 956 3116 tam
978 3061 1075 3117 adulta
1088 3061 1142 3116 rei·
1156 3065 1191 3117 35

167 3135 292 3213 publicae
303 3137 400 3210 pestis,
409 3134 603 3193 verumetiam
612 3139 845 3214 stirpsaosemen
856 3139 995 3195 malorum
1003 3139 1140 3195 omnium.

207 3212 298 3270 XIII.
339 3212 457 3270 Etenim
473 3213 594 3288 jamdiu,
606 3214 708 3271 Patres
719 3215 894 3291 conscripti,
905 3215 934 3272 in
950 3217 994 3273 his
1006 3216 1142 3292 periculis

169 3290 374 3365 conjurationis
389 3291 557 3365 insidiisque
580 3309 742 3350 versamur:
763 3293 823 3363 sed,
848 3294 948 3351 nescio
969 3314 1025 3369 qno
1046 3306 1138 3370 pacto,

167 3369 296 3426 omnium
309 3369 451 3426 scelerum
466 3387 500 3425 ac
514 3370 618 3426 veteris
632 3370 733 3427 furoris
746 3381 776 3427 et
790 3371 919 3428 andaciae
944 3373 1094 3431 maturitas
1109 3374 1139 3431 in

167 3446 256 3503 nostri
271 3446 562 3523 consulatdstempus
573 3448 675 3522 erupit.
715 3447 805 3510 Quod
817 3450 842 3506 si
853 3469 889 3506 ex
897 3461 976 3508 tanto
989 3451 1140 3510 latrocinio
1155 3455 1190 3507 to

167 3525 221 3582 iste
241 3544 317 3582 nnus
336 3525 466 3595 tolletnr3
496 3525 656 3583 videbImur
680 3525 798 3584 tortasse
821 3529 858 3584 ad
889 3530 974 3586 breve
995 3531 1141 3605 quoddam

167 3613 280 3678 tempus
294 3603 365 3660 curti
379 3614 408 3660 et
427 3614 507 3661 metu
520 3623 583 3660 esse
596 3604 730 3662 relevati:
751 3606 913 3681 periculum
927 3618 1023 3665 autern
1035 3608 1142 3665 reside·

167 3680 219 3750 bit,
233 3690 263 3738 et
276 3681 331 3738 erit
343 3681 491 3739 inclusum
502 3680 617 3756 penitus
632 3682 661 3738 in
676 3683 757 3739 venis
771 3693 855 3758 atque
870 3684 899 3740 in
914 3684 1074 3741 visceribus
1087 3681 1142 3740 rei'·

168 3759 298 3834 publicae.
340 3758 380 3818 Ut
394 3778 469 3834 saepe
484 3760 614 3817 homines
623 3760 692 3835 regri
703 3762 801 3818 morbo
814 3762 904 3837 gravi,
919 3760 987 3818 cum
999 3772 1070 3818 estu
1081 3761 1142 3816 feb-
