2692 4484
45 208 47 211 ⁵
134 251 175 311 30
369 226 507 294 onium
529 241 578 291 111.
600 242 639 292 ru
662 242 694 291 1..
717 241 933 295 cammunti.

184 407 262 447 amu
282 405 380 446 sunno
399 403 603 444 mnauasscsr.
644 385 723 449 Quae
741 386 922 482 supplicatio,
936 387 961 447 si
976 406 1045 446 cum
1059 393 1175 449 caeteris

185 466 358 539 conferatur,
378 465 521 536 Quirites,
536 466 592 524 hoc
612 466 735 537 intersit,
749 467 827 541 quod
849 477 962 526 catere
982 467 1058 527 bene
1079 470 1174 547 gesti,

184 548 248 604 haec
261 564 330 617 uua,
344 545 513 604 conservati
526 545 685 622 republicis,
701 547 857 604 constituta
870 556 922 605 est.

185 616 323 700 ‘eritque
343 623 424 695 illud,
445 625 521 699 quod
542 624 709 684 iaciendum
729 623 854 703 primirm
876 625 940 698 suit,
956 626 1065 685 iactum
1087 638 1174 703 atque

152 712 363 766 5transactum
383 713 435 762 est.
477 703 555 762 Nam
576 704 609 762 P.
631 703 783 778 Lentulus,
805 724 981 783 quanquam,
997 706 1174 784 (patefactus

185 784 302 842 indiciis
312 793 342 841 et
352 782 580 843 confessionibus
590 784 664 862 suis)
673 783 787 860 judicio
799 785 927 858 senatus,
938 805 996 844 non
1007 785 1092 846 modo
1103 807 1174 865 prm·

184 863 254 921 toris
271 863 329 939 jus,
343 861 443 921 verbm
464 863 504 920 eti
573 863 601 921 ci
621 862 627 874 '
647 864 817 936 ,amiserat
831 875 930 923 tamen
950 867 1120 943 magistratu
1141 886 1173 924 se

78 974 86 991 .
186 941 349 1013 abdicavit3
371 952 413 1013 ut,
428 960 492 1017 quae
505 881 775 1020 Uelig‘idUffMario,
786 944 947 1003 clarissimo
960 946 1030 1016 viro,
1041 965 1098 1004 uon
1114 947 1175 1004 fue·

186 1033 240 1091 rat,
255 1019 409 1097 quominus
427 1021 462 1079 C.
477 1022 643 1093 Glauciam,
658 1022 695 1080 de
709 1041 766 1098 quo
779 1023 809 1080 ni
832 1024 838 1033 '
866 1043 904 1081 no
936 1023 941 1034 '
967 1025 1035 1082 atim
1050 1036 1112 1083 erat
1125 1027 1175 1083 de·

138 1103 172 1158 10
186 1110 308 1171 cretum,
322 1104 471 1177 praetorem
491 1101 648 1174 occideret,
663 1102 699 1159 eti
719 1121 772 1160 nos
792 1023 988 1180 1&me
1006 1104 1117 1181 privato
1139 1104 1173 1162 P.

186 1179 311 1238 Lentulo
323 1180 480 1257 puniendo,
494 1180 692 1238 liberaremur.
1243 1185 1247 1190 ’

227 1257 298 1317 VII.
339 1258 440 1330 Nunc,
455 1259 601 1334 quoniam,
612 1259 758 1331 Quirites,
769 1261 986 1319 sceleratissimi
995 1262 1176 1339 periculosis·
1188 1300 1192 1308 ·

167 1338 309 1414 ,simique
330 1337 398 1396 belli
418 1338 544 1397 nefarios
564 1339 655 1397 duces
672 1350 771 1417 captos
781 1339 843 1415 jam
857 1351 886 1398 et
900 1343 1120 1417 comprehensos
1134 1351 1175 1399 te·

187 1418 272 1489 netis,
286 1418 451 1476 existimare
464 1417 587 1489 debetis,
601 1436 702 1477 omnes
723 1418 858 1477 Catilinae
875 1421 984 1496 copias,
998 1440 1097 1480 omnes
1110 1440 1176 1497 spes

140 1494 174 1547 15
189 1506 274 1571 atque
293 1516 372 1574 opes,
386 1498 432 1554 his
452 1496 579 1574 depulsis
598 1496 687 1555 Urbis
699 1497 847 1575 periculis,
862 1500 1033 1557 concidisse.
1074 1499 1175 1561 Quem

188 1576 305 1650 quidem
319 1595 374 1653 ego
387 1573 456 1634 clun
469 1595 506 1634 ex
519 1577 598 1635 Urbe
617 1576 772 1653 pellebam,
786 1578 842 1635 hoc
861 1578 1047 1654 providebam
1068 1580 1175 1649 animo,
1259 1582 1265 1597 ¹

186 1653 330 1726 Quirites,
351 1666 461 1714 remoto
487 1656 626 1728 Catilina,
647 1676 705 1715 nec
732 1657 803 1713 mihi
823 1675 887 1714 esse
910 1656 943 1713 P.
964 1656 1083 1715 Lentuli
1104 1676 1177 1715 som·

187 1740 268 1805 nu'm,
289 1754 345 1793 uec
365 1734 399 1792 L.
420 1735 516 1793 Cassii
538 1736 662 1813 adipem,
683 1755 739 1795 nec
760 1736 884 1813 Cethegi
906 1735 1042 1793 furiosam
1062 1736 1177 1794 temeri·

189 1822 288 1885 tatem,
311 1814 580 1891 pertimescendam.
622 1815 677 1872 Ille
704 1825 767 1873 erat
793 1835 868 1872 unus
895 1815 1041 1872 timendus
1068 1835 1105 1872 ex
1131 1815 1177 1872 his
1224 1882 1232 1895 ⁸

138 1892 175 1945 20
188 1893 332 1965 omnibus,
359 1893 411 1952 sed
437 1895 558 1966 tamdiu,
583 1894 653 1952 dum
680 1894 824 1952 mceuibus
850 1892 939 1951 Urbis
965 1893 1177 1952 continebatur.

188 1970 299 2030 Omnia
312 1971 406 2046 ndrat,
420 1973 550 2032 omnium
561 1974 656 2031 aditus
666 1974 803 2032 tenebat:
826 1973 979 2050 appellare,
989 1983 1112 2044 tentare,
1123 1972 1178 2031 sol·

189 2051 303 2111 licitare
316 2064 437 2130 poterat,
453 2055 585 2113 audebat.
627 2052 700 2112 Erat
720 2053 749 2112 ei
770 2053 923 2112 consilium
945 2053 982 2110 ad
1003 2052 1116 2110 facinus
1131 2071 1179 2128 ap·
1261 2082 1272 2099 ·

189 2141 270 2203 tnm;
302 2135 423 2193 consilio
450 2144 547 2193 autern
573 2153 668 2210 neque
695 2134 798 2212 lingua
824 2152 919 2208 neque
942 2150 1045 2189 manus
1069 2133 1177 2214 deerat.

190 2209 268 2282 lam,
284 2213 320 2270 ad
335 2225 430 2272 certas
444 2234 490 2272 res
511 2214 719 2287 conficiendas,
735 2224 829 2273 certos
849 2213 981 2271 homines
1001 2211 1128 2270 delectos
1142 2228 1178 2267 ac

140 2290 176 2344 25
190 2286 349 2368 descriptos
371 2293 505 2351 habebat.
547 2292 653 2369 Neque
674 2292 838 2366 verb,ci1m
861 2292 969 2368 aliquid
982 2292 1179 2361 mandaverat,

180 2370 358 2437 conlectum
370 2372 509 2445 putabat:
530 2371 603 2428 nihil
618 2382 691 2441 erat,
706 2373 783 2445 quod
802 2391 860 2428 non
882 2372 942 2445 ipse
962 2371 1065 2441 obiret,
1079 2389 1180 2429 occur·

190 2459 276 2517 reret,
290 2449 432 2522 vigilaret,
446 2447 608 2503 laboraret:
631 2447 733 2521 frigus,
748 2449 836 2517 sitim,
851 2447 957 2522 famem
972 2448 1046 2504 ferre
1059 2458 1179 2522 poterat.

230 2524 321 2582 Hunc
338 2543 402 2600 ego,
418 2525 564 2582 homiuem
578 2533 638 2581 tam
653 2542 761 2595 acrem,
776 2535 835 2581 tam
855 2534 997 2600 paratum,
1012 2535 1072 2582 tam
1094 2526 1177 2583 auda·

157 2652 174 2677 ¹.
191 2622 266 2674 cem,
280 2614 341 2661 tam
362 2603 499 2661 callidum
531 2613 591 2661 tam
612 2604 643 2663 in
664 2603 775 2660 scelere
795 2602 973 2679 vigilantem,
987 2614 1048 2661 tam
1069 2605 1099 2663 in
1118 2625 1178 2682 per·

141 2691 178 2745 30
192 2683 260 2740 ditis
283 2681 370 2740 rebus
397 2683 577 2760 diligentem,
605 2682 662 2740 nisi
690 2701 726 2740 ex
739 2681 905 2739 domesticis
933 2682 1047 2741 insidiis
1068 2685 1098 2742 in
1119 2704 1176 2743 cas

192 2773 288 2821 trense
314 2762 498 2821 latrocinium
526 2762 739 2839 compulissem,
768 2760 879 2836 (dicam
906 2761 947 2833 id,
975 2763 1051 2839 quod
1078 2764 1180 2835 sentio,

191 2842 339 2922 Quirites)
354 2862 412 2901 non
433 2841 520 2901 facile
542 2844 619 2900 hanc
639 2852 750 2900 tantam
771 2841 876 2899 molem
897 2842 967 2900 mali
988 2844 1182 2902 acervicibus

192 2922 294 2979 vestris
308 2921 490 2998 depulissem.
531 2922 600 2981 Non
621 2922 671 2980 ille
691 2921 775 2980 nobis
795 2920 962 2978 Saturnalia
976 2924 1181 2995 constituisset,

193 3020 297 3077 neque,
308 3000 389 3060 tanto
402 3000 480 3074 ante,
492 3001 573 3061 exitii
587 3012 616 3061 et
630 3002 682 3060 sati
697 3002 774 3060 diem
788 3001 955 3079 reipublicae
966 3001 1181 3073 denuntiiasset3

143 3093 179 3148 35
193 3101 288 3157 neque
303 3083 503 3155 commisisset,
518 3093 551 3141 ut
571 3083 697 3161 signum,
712 3093 744 3141 ut
764 3082 855 3141 literae
876 3101 935 3140 suae
956 3092 1044 3141 testes
1058 3083 1183 3158 denique

194 3163 340 3223 manifesti
354 3164 473 3223 sceleris
487 3164 788 3243 deprehenderentur:
808 3183 872 3240 quae
885 3182 976 3236 nunc,
991 3162 1040 3222 illo
1055 3164 1182 3233 absente,

121 3300 124 3307 .
195 3243 238 3301 sic
252 3255 335 3321 gesta
348 3255 425 3318 sunt,
439 3255 472 3303 ut
484 3246 597 3304 nullum
612 3246 641 3303 in
655 3244 767 3324 privata
782 3244 867 3302 domo
880 3243 989 3300 furtum
1005 3262 1133 3319 unquam
1147 3242 1184 3299 sit

195 3333 255 3378 tam
274 3322 371 3398 palam
392 3325 551 3396 inventum,
565 3324 652 3402 quiam
667 3327 732 3383 haec
747 3333 829 3382 tanta
845 3323 876 3379 in
890 3321 1038 3396 republica
1054 3323 1185 3397 conjura·

196 3401 237 3457 tio
250 3401 404 3458 manifesti)
419 3404 537 3459 inventa
545 3413 631 3476 atque
642 3404 822 3476 deprehensa
830 3409 881 3456 est.
916 3396 1008 3460 Qubd
1017 3400 1041 3455 si
1056 3399 1185 3471 Catilina

148 3488 182 3542 40
198 3480 228 3538 in
248 3477 328 3536 Urbe
350 3479 386 3536 ad
406 3480 484 3537 hanc
504 3479 582 3537 diem
598 3480 800 3547 remansisset3
822 3495 997 3552 quanquam,
1011 3478 1105 3552 quoad
1121 3478 1184 3551 luit,
1276 3474 1277 3477 ’

197 3556 331 3617 omnibus
345 3557 407 3635 ejus
421 3559 550 3617 consiliis
563 3557 679 3618 occurri
693 3569 778 3635 atque
791 3555 899 3627 obstiti,
914 3565 1010 3614 tamen
1024 3554 1186 3631 (ntlevissi

199 3636 246 3695 me
267 3636 378 3717 dicam)
397 3637 596 3697 dimicandum
616 3636 701 3695 nobis
721 3655 789 3695 cum
810 3635 859 3694 illo
880 3636 996 3707 suisset3
1018 3656 1113 3711 neque
1134 3658 1186 3697 nos

199 3735 336 3793 unquam,
351 3718 420 3775 dum
435 3717 483 3776 ille
497 3718 528 3778 in
542 3716 621 3776 Urbe
634 3716 725 3776 hostis
739 3716 849 3788 fuisset,
864 3715 953 3775 tantis
964 3715 1102 3794 periculis
1114 3737 1187 3777 rem·

198 3797 355 3874 publicam,
370 3797 451 3856 tanti
464 3816 547 3875 pace,
562 3808 643 3857 tanto
656 3797 724 3870 otio,
739 3806 820 3855 tanto
833 3795 957 3869 silentio,
973 3797 1184 3856 liberissemus.
