2692 4484
154 354 211 414 136
459 352 599 404 onemo
618 351 657 402 IN
680 351 718 401 Μ.
743 349 948 401 surculum.

199 507 334 557 oneraret
360 496 470 556 alienis.
510 495 590 559 Quis
616 497 696 555 enim
715 514 813 553 meum
834 495 865 554 in
886 494 971 553 istius
997 493 1200 571 gloriosissimi

201 577 272 635 facti
299 576 478 636 conscientit
505 595 611 634 nomen
639 576 771 633 audivitl
800 575 885 652 cujus
912 583 1019 646 autem,
1040 574 1089 650 qui
1110 573 1142 631 in
1163 591 1200 631 eo

202 675 322 714 numero
341 656 451 728 fuisset,
472 674 578 714 nomen
598 665 642 714 est
661 654 863 715 occultatum?
896 653 1087 712 Occultatum
1106 652 1199 711 dicol

202 735 285 811 cujus
310 754 369 793 non
389 735 486 793 statim
513 735 716 813 divulgatuml
750 732 847 792 Citids
867 734 999 804 dixerim,
1018 731 1145 810 jactasse
1166 751 1199 790 se

169 820 187 873 5
203 814 322 888 aliquos,
337 824 369 872 ut
389 815 478 873 luisse
498 814 529 873 in
550 815 605 872 isti
625 814 765 873 societate
784 814 960 884 riderentur,
975 813 1025 887 qui
1046 811 1117 870 socii
1138 831 1198 870 non

203 893 333 965 fuissent,
348 892 435 969 qudm
448 903 481 951 ut
494 893 646 970 quisquam
660 893 750 951 celari
764 892 859 1030 vellep
873 892 923 969 qui
937 892 1045 949 fuisset.

240 969 342 1034 Quum
363 972 517 1031 verisimile
536 972 620 1050 porrd
641 983 696 1044 est,
717 973 748 1031 in
767 981 810 1030 tot
849 971 1004 1042 ominibus,
1024 970 1128 1047 partim
1148 970 1199 1028 ob-

202 1052 304 1123 scuris,
317 1052 422 1128 partim
444 1051 676 1110 adolescentibus
695 1050 842 1109 neminem
860 1050 1084 1121 occultantibus,
1098 1067 1197 1107 meum

202 1149 308 1189 nomen
328 1130 418 1189 latere
437 1131 585 1208 potuisset
619 1130 748 1203 Etenim,
763 1131 788 1188 si
808 1139 941 1188 auctores
960 1129 996 1186 ad
1014 1129 1196 1186 liberandam

154 1218 188 1272 10
202 1209 324 1286 patriam
344 1210 576 1269 desiderarentur
596 1210 653 1268 illis
675 1210 851 1281 auctoribus,
872 1209 976 1267 Brutos
996 1225 1051 1284 ego
1070 1208 1198 1283 impelle-

202 1307 274 1360 rem,
295 1308 417 1365 quorum
443 1300 564 1366 uterque
591 1287 624 1346 L.
646 1288 731 1347 Bruti
751 1289 908 1366 imaginem
929 1286 1056 1363 quotidie
1076 1287 1214 1358 videret,-

204 1367 275 1426 alter
295 1369 383 1426 etiam
404 1368 530 1427 Ahalael
564 1367 621 1425 His
640 1368 729 1444 igitur
758 1368 916 1444 majoribus
942 1366 1007 1437 orti,
1029 1366 1067 1423 ab
1094 1365 1197 1423 alienis

201 1446 296 1524 potius
323 1446 476 1506 consilium
501 1456 642 1523 peterent,
670 1443 758 1521 qudm
786 1465 803 1504 a
829 1446 913 1504 suist
948 1456 977 1504 et
1004 1444 1072 1503 foris
1091 1443 1196 1522 potiris,

203 1524 290 1601 qudm
310 1526 416 1584 domol
445 1525 552 1588 Quidl
582 1526 617 1585 C.
633 1525 764 1597 Cassius,
779 1526 810 1585 in
829 1525 865 1583 eri
887 1525 996 1583 familiai
1016 1534 1111 1596 natus,
1132 1542 1197 1599 quae

155 1609 188 1664 15
203 1624 260 1663 non
274 1602 360 1663 modd
375 1604 563 1676 dominatum,
578 1606 630 1663 sed
650 1624 689 1663 ne
708 1604 866 1682 potentiam
884 1604 1011 1681 quidem,
1026 1604 1197 1679 cujusquam

203 1683 278 1743 serre
303 1685 405 1760 potuit,
426 1703 473 1742 me
500 1695 648 1743 auctorem
670 1683 786 1764 (credo)
809 1683 999 1742 desiderarit:
1028 1684 1087 1758 qui,
1108 1682 1198 1740 etiarn

203 1763 266 1820 sine
286 1764 332 1820 his
352 1763 520 1837 clarissimis
538 1763 617 1835 viris,
638 1764 717 1822 hano
742 1782 804 1821 rem
831 1763 862 1821 in
889 1762 1007 1833 cilicia,
1029 1763 1066 1820 ad
1091 1762 1197 1820 ostium

203 1840 332 1899 fluminis
351 1842 449 1918 Cydni
468 1843 652 1914 confecisset,
666 1842 692 1901 si
712 1842 761 1901 ille
783 1842 820 1900 ad
833 1860 899 1900 eam
912 1841 1014 1919 ripam,
1029 1860 1116 1915 quam
1129 1860 1197 1899 con·

203 1921 345 1993 stituerat,
365 1941 423 1979 non
444 1921 482 1978 ad
502 1922 687 1993 contrariam,
708 1940 797 1980 naves
818 1920 980 1998 appulisset.
1022 1920 1076 1978 Cn.
1098 1920 1198 1978 Domi·

152 2002 190 2057 w
203 1999 277 2058 tium
290 1999 457 2077 non,patris
474 2001 617 2073 interitus,
632 2000 785 2059 clarissimi
799 2000 863 2071 v'iri,
876 2019 935 2058 non
956 1999 1091 2058 avunculi
1109 2018 1195 2070 mors,

203 2098 262 2137 non
284 2075 417 2156 spoliatio
442 2079 601 2157 dignitatis,
626 2081 663 2138 ad
690 2080 919 2157 recuperandam
945 2079 1117 2150 libertatem,
1143 2078 1196 2146 sed

204 2176 271 2215 mea
291 2160 457 2231 auctoritas,
478 2160 637 2218 excitavitl
671 2160 721 2219 An
742 2159 777 2217 C.
799 2157 948 2218 Trebonio
971 2178 1026 2237 ego
1046 2157 1195 2235 persuasit

204 2237 253 2294 cui
272 2257 310 2296 ne
330 2239 453 2298 suadere
471 2239 590 2314 quidem
612 2258 698 2296 ausus
718 2256 820 2296 essem.
861 2238 932 2301 Quo
952 2239 1039 2297 etiam
1059 2236 1210 2313 majorem

203 2316 232 2373 ei
252 2318 417 2394 respublica
436 2318 560 2396 gratiam
580 2319 676 2389 debet,
697 2318 746 2394 qui
766 2317 929 2376 libertatern
949 2318 1045 2395 populi
1068 2315 1209 2375 Romani<

153 2398 189 2453 25
203 2395 290 2453 unius
324 2397 459 2455 amicitie
492 2397 654 2475 praeposuit,
682 2397 872 2473 depulsorque
906 2396 1079 2467 dominatris,
1109 2392 1196 2470 quam

202 2475 356 2549 particeps,
371 2494 435 2533 esse
455 2476 565 2534 maluit.
607 2475 658 2534 An
678 2475 712 2534 L.
728 2476 836 2534 Tillius
850 2476 969 2535 Cimber
983 2494 1030 2533 me
1043 2485 1088 2533 est
1101 2483 1197 2532 aucto·

203 2569 265 2608 rem
279 2553 419 2610 secutusl
440 2572 526 2629 quem
540 2574 595 2633 ego
607 2556 702 2632 magis
715 2556 821 2614 secisse
841 2556 920 2613 illam
940 2574 1002 2613 rem
1022 2573 1086 2612 sum
1107 2553 1197 2611 admi·

203 2638 292 2700 ratus,
314 2628 401 2706 qudm
429 2632 573 2691 facturum
598 2634 706 2711 putavi.
737 2635 919 2692 'Admiratus
945 2653 1009 2691 sum
1037 2643 1132 2691 autem
1157 2632 1196 2690 ob

203 2725 269 2765 eam
289 2728 419 2777 causam,
439 2709 518 2787 qudd
541 2714 692 2772 immemor
718 2713 937 2786 beneficiorum,
957 2731 1066 2771 memor
1085 2711 1196 2788 patriae,

153 2796 190 2851 30
204 2787 313 2846 fuisset
353 2788 438 2851 Quid
451 2791 524 2849 duos
538 2792 685 2865 Servilios,
700 2793 811 2851 Cascas
830 2793 936 2865 dicam,
952 2811 989 2849 an
1008 2792 1140 2849 Ahalasl
1167 2800 1197 2848 et

204 2867 255 2925 bos
276 2868 446 2926 auctoritate
473 2870 539 2927 mei
560 2890 662 2929 censes
683 2872 823 2930 excitatos
841 2870 947 2949 potius,
968 2869 1056 2946 quim
1069 2871 1197 2941 ,caritate

203 2946 393 3023 reipublicael
426 2948 560 3026 Longum
580 2960 625 3008 est
643 2951 777 3028 persequi
798 2960 935 3009 ceteros:
957 2950 1044 3025 idque
1063 2948 1198 3025 reipubli-

204 3045 247 3083 cae
260 3026 440 3103 praeclarum,
455 3027 544 3087 fuisse
557 3039 617 3086 tam
630 3030 751 3100 multos;
773 3030 842 3106 ipsis
855 3029 1018 3107 gloriosum.

243 3106 317 3165 XII.
352 3107 403 3180 At,
417 3108 658 3184 quemadmodum
680 3128 726 3166 me
747 3109 911 3185 coarguerit
928 3110 1014 3167 horno
1028 3117 1140 3179 acutus,
1154 3127 1197 3165 re-

153 3195 189 3249 35
204 3187 372 3246 condamini.
415 3194 434 3221 “
444 3188 561 3246 Caesare
581 3188 763 3260 interlecm,''
779 3188 882 3263 inquit,
897 3187 1024 3246 “statim
1045 3197 1197 3246 cruentum

205 3266 262 3323 alte
283 3267 422 3326 extollens
449 3266 491 3324 M.
513 3266 620 3325 Brutus
645 3268 812 3345 pugionem,
833 3267 1008 3327 Ciceronem
1028 3267 1197 3326 nominatim

204 3345 386 3418 exclamavit,
401 3357 487 3421 atque
507 3346 535 3403 ei
554 3357 755 3425 recuperatam
773 3348 936 3406 libertatem
951 3356 995 3406 est
1008 3346 1195 3424 gratulatus.'’

204 3421 265 3477 Cur
279 3423 351 3480 mibi
363 3423 567 3499 potissimumt
597 3425 676 3502 qudd
697 3427 849 3485 sciebaml
879 3427 966 3498 Vide,
981 3445 1019 3484 ne
1039 3426 1089 3483 illa
1109 3442 1198 3482 causa

204 3499 291 3556 suerit
314 3501 477 3576 appellandi
500 3503 751 3578 me,.qudd,cl1m
774 3525 835 3564 rem
857 3506 994 3584 gessisset
1017 3502 1198 3562 consimilem

154 3586 189 3640 4ο
203 3577 290 3635 rebus
303 3578 340 3635 iis
352 3589 424 3654 quas
445 3579 505 3655 ipse
525 3600 682 3657 gesseram,
697 3602 744 3641 me
764 3582 945 3661 potissimum
965 3593 1087 3642 testatus
1099 3590 1153 3653 est,
1167 3601 1199 3639 se

203 3656 339 3713 aemulum
367 3676 498 3715 mearum
527 3659 646 3718 laudum
670 3662 821 3722 exstitisse.
864 3663 913 3721 Tu
937 3673 1044 3733 autem,
1068 3660 1198 3720 omnium

203 3734 380 3808 stultissime,
394 3756 452 3795 non
466 3737 613 3816 intelligis,
628 3740 652 3798 si
673 3740 713 3812 id,
728 3744 804 3816 quod
824 3763 871 3802 me
893 3743 1000 3820 arguis,
1014 3742 1139 3800 voluisse
1158 3740 1197 3796 in-

203 3815 296 3874 terfici
326 3816 482 3890 Cesaram,
504 3818 616 3878 crimen
646 3820 701 3891 sit;
736 3822 834 3893 etiam,
855 3823 983 3880 laetatum
1014 3840 1077 3879 esse
1108 3829 1200 3877 morte

203 3895 338 3970 cesaris,
353 3898 464 3957 crimen
484 3899 570 3957 esset
602 3898 687 3963 Quid
710 3902 789 3959 enim
812 3901 932 3960 interest
952 3901 1029 3959 inter
1051 3916 1200 3958 suasorem

762 4002 773 4022 ἱ
