2692 4484
337 348 341 357 ’
384 334 522 387 ORATIO
544 334 615 384 PRO
637 332 668 386 Τ.
692 331 808 382 ANNIO
830 327 982 381 MILONE.
1173 331 1231 390 117

187 483 335 543 seruisset
375 480 463 538 Multi
476 479 565 537 etiam
580 476 738 535 Catilinam
760 486 845 551 atque
864 475 915 533 illa
933 483 1067 552 portenta
1085 473 1182 547 loque-

188 565 308 621 bantur:
329 560 487 637 Erumpet3
507 556 663 635 occupabit
685 555 810 630 aliquem
823 554 936 625 locum;
958 554 1067 612 bellum
1080 553 1181 629 patriae

187 643 282 701 faciet.
322 639 447 698 Miseros
460 637 607 696 interdum
621 635 710 706 cives,
720 632 827 710 optime
839 634 874 691 de
884 633 1033 711 republicd
1043 632 1178 690 meritos!

187 721 335 797 inquibus
354 719 486 777 homines
505 737 564 775 non
584 712 670 772 modo
688 733 736 771 res
754 712 986 789 praeclarissimas
1005 711 1180 770 obliviscun-

186 811 242 872 tur,
257 799 409 857 sedetiam
423 797 551 856 nefarias
571 793 763 870 suspicantur.
805 792 883 869 Ergo
895 792 945 848 illa
958 792 1030 849 falsa
1044 792 1177 850 fuerunt:
1213 793 1231 846 5

186 899 250 955 quir
270 876 349 936 certe
364 896 433 935 vera
450 872 677 943 exstitissent,si
697 871 770 940 Milo
790 871 952 928 admisisset
971 871 1088 947 aliquid,
1102 871 1178 948 quod
1242 889 1265 924 e

187 979 243 1017 non
257 966 353 1035 posset
366 954 487 1013 honeste
501 952 627 1027 vereque
639 950 804 1008 defendere.

228 1036 345 1095 XXIV.
378 1033 483 1095 Quidt
511 1051 575 1107 quae
594 1040 694 1108 postea
713 1039 780 1088 sunt
800 1029 829 1087 in
850 1047 918 1087 eum
938 1038 1084 1106 congesta,
1100 1027 1177 1106 (quar

188 1116 329 1191 quemvis,
349 1113 439 1170 etiam
460 1110 650 1169 mediocrium
673 1109 843 1168 delictorum
867 1107 1055 1179 conscientia,
1078 1128 1166 1185 percu

189 1194 304 1271 lissent)
335 1201 368 1249 ut
400 1190 551 1248 sustinuit!
592 1189 642 1246 Dii
676 1188 866 1247 immortalesl
901 1186 1058 1245 sustinuitl
1091 1188 1178 1246 immo
1195 1184 1231 1266 19

191 1270 271 1343 uero,
284 1281 317 1329 ut
330 1270 509 1347 contempsit,
525 1289 560 1327 ac
578 1288 630 1346 pro
648 1268 740 1326 nihilo
761 1268 887 1345 putavit!
917 1286 980 1341 quae
994 1286 1087 1341 neque
1100 1286 1178 1325 max·

192 1351 251 1422 imo
277 1351 372 1408 animo
404 1368 520 1421 nocens,
547 1367 641 1424 neque
667 1348 817 1419 innocens,
845 1346 903 1405 nisi
930 1346 1098 1404 fortissimus
1123 1347 1176 1418 vir,

191 1430 338 1507 negligere
359 1429 504 1505 potuisset.
546 1429 712 1499 Scotorum,
734 1426 907 1503 gladiorum,
932 1426 1093 1497 fraenorum,
1117 1445 1179 1502 spa·

190 1528 296 1580 rorum,
309 1508 487 1584 pilorumque
501 1507 599 1578 etiam,
613 1506 767 1564 multitudo
784 1505 961 1583 deprehendi
974 1523 1058 1581 posse
1070 1505 1179 1562 indica-

189 1588 280 1644 batur.
321 1587 443 1644 Nullum
465 1587 496 1644 in
519 1586 599 1645 Urbe
621 1586 729 1657 vicum,
757 1584 869 1644 nullum
897 1584 1089 1661 angiportum,
1116 1604 1178 1642 esse
1196 1586 1230 1638 15

188 1667 333 1736 dicebant,
348 1667 378 1725 in
392 1686 449 1741 quo
469 1665 575 1725 Miloni
593 1685 652 1723 non
666 1675 743 1722 esset
756 1665 902 1723 conducta
916 1664 1035 1721 domus:
1057 1664 1180 1721 armaio

186 1745 283 1803 villam
304 1745 513 1803 Ocriculanam
533 1746 655 1802 devecta
675 1743 796 1801 Tiberi:
819 1744 936 1801 domum
954 1742 986 1800 in
1002 1741 1077 1800 clivo
1095 1742 1180 1819 Capi·

187 1825 275 1882 tolino
296 1826 386 1882 scutis
407 1825 559 1882 refertam:
583 1824 670 1901 plena
690 1823 788 1881 omnia
812 1821 1009 1879 malleolorum
1033 1822 1068 1879 ad
1092 1821 1179 1879 Urbis

188 1904 325 1961 incendia
346 1913 583 1980 comparatorum.
626 1902 701 1959 Haec
721 1922 779 1960 non
801 1902 898 1959 delata
918 1898 1021 1972 solum,
1036 1901 1086 1958 sed
1103 1900 1178 1978 pene

189 1984 315 2052 credita;
336 2002 392 2041 neo
407 1980 475 2039 ante
489 1982 640 2058 repudiata
653 1990 730 2051 sunt,
743 1979 831 2056 quim
844 1980 973 2055 quaesita.
1194 1983 1240 2037 20,

228 2061 397 2132 Laudabam
411 2060 546 2135 equidem
560 2059 760 2117 incredibilem
771 2059 951 2136 diligentiam
965 2058 1021 2116 Cn.
1032 2059 1177 2135 Pompeii:

189 2140 240 2197 sed
255 2140 361 2210 dicam,
376 2148 407 2195 ut
421 2138 523 2210 sentio,
535 2138 656 2214 judices.
698 2136 795 2195 Nimis
807 2139 899 2196 multa
913 2137 1013 2196 audire
1028 2148 1177 2215 coguntur,

189 2236 284 2293 neque
304 2217 386 2276 aliter
407 2217 505 2275 facere
521 2226 649 2294 possunt,
664 2216 696 2289 ii,
709 2217 814 2292 quibus
826 2227 886 2275 tota
900 2216 1054 2276 commissu
1066 2227 1111 2275 est
1123 2238 1180 2276 res·

189 2296 323 2372 publica;
344 2296 413 2371 quin
434 2297 521 2354 etiam
543 2296 703 2356 audiendus
724 2296 810 2354 fuerit
828 2311 901 2373 popa
920 2295 1063 2368 Licinius,
1082 2298 1180 2356 nescio

190 2375 264 2449 quis,
286 2376 321 2432 de
342 2375 448 2434 Circo:
476 2395 572 2433 servos
591 2374 720 2448 Milonis,
742 2376 818 2452 apud
838 2395 869 2433 se
889 2376 983 2434 ebrios
1003 2375 1104 2447 factos,
1124 2377 1178 2434 sibi
1195 2377 1231 2431 25
1289 2431 1291 2434 .

190 2455 336 2512 confessos
355 2473 429 2526 esse,
443 2473 475 2512 se
491 2455 529 2511 de
551 2454 752 2512 interficiendo
770 2454 825 2512 Cn.
841 2454 977 2532 Pompeio
995 2454 1176 2531 conjurasse:

187 2533 294 2590 deinde
312 2543 457 2609 postesse
474 2532 571 2610 gladio
589 2551 759 2609 percussum
780 2553 843 2592 esse
863 2534 899 2591 ab
921 2553 979 2592 uno
1000 2534 1036 2591 de
1058 2533 1124 2606 illis,
1138 2554 1177 2593 ne

188 2610 338 2669 indicaret.
379 2610 516 2687 Pompeio
525 2612 554 2669 in
566 2613 662 2669 hortos
675 2612 825 2670 nuntiavit.
867 2612 1047 2672 Arcessorin
1060 2613 1179 2691 primis:

188 2691 224 2747 de
244 2691 401 2748 amicorum
425 2690 579 2762 sententiis,
592 2709 655 2749 rem
673 2691 766 2749 defert
785 2691 825 2748 ad*
837 2702 994 2750 senatum..
1019 2692 1087 2751 Non
1098 2701 1178 2769 pote-

187 2788 259 2840 ram,
273 2769 304 2827 in
325 2770 402 2827 illius
423 2769 482 2827 mei
500 2769 657 2847 patriaeque
677 2770 803 2828 custodis
823 2772 905 2829 tanti
926 2771 1098 2849 suspicione,
1121 2792 1178 2830 non
1194 2773 1230 2830 30

188 2858 266 2905 metu
284 2849 462 2906 exanimari:
484 2850 535 2907 sed
550 2849 678 2907 mirabar
695 2858 803 2920 tamen,
822 2850 902 2907 credi
919 2870 1017 2927 pope,
1041 2849 1178 2928 [ebrioso-

187 2928 265 3007 rum]
282 2928 493 2986 consessionem
513 2947 659 2986 servorum
683 2928 796 2998 audiri;
817 2929 922 2986 vulnus
940 2930 970 2986 in
987 2930 1088 3001 latere,
1103 2932 1177 3005 quod

189 3024 244 3063 acu
264 3015 404 3082 punctum
418 3007 572 3079 videretur,
584 3027 636 3084 pro
649 3007 711 3065 ictu
725 3008 893 3085 gladiatoris
923 3009 1026 3066 robari.
1067 3005 1177 3066 Verirm

190 3082 237 3161 (ut
260 3084 403 3163 intelligo)
427 3086 548 3143 cavebat
567 3086 661 3163 magis
682 3086 846 3162 Pompeius,
867 3027 954 3162 qudm
977 3088 1107 3157 timebat,
1120 3107 1178 3145 non

189 3181 225 3220 ea
238 3161 341 3233 solrim,
357 3182 420 3237 quae
440 3164 569 3222 timenda
589 3174 681 3236 erunt,
695 3167 747 3223 sed
764 3166 882 3223 omnino
899 3166 1006 3236 omnia,
1020 3185 1057 3223 ne
1072 3166 1178 3241 aliquid
1195 3172 1230 3226 35

188 3260 238 3299 vos
261 3242 410 3299 timeretis.
451 3242 627 3320 Oppugnata
645 3244 748 3301 domus
768 3245 803 3302 C.
826 3244 960 3314 CaesariS,
978 3244 1129 3302 clarissimi
1149 3255 1178 3302 et

188 3320 335 3378 fortissimi
349 3321 412 3393 viri,
426 3342 477 3398 per
499 3323 603 3379 multas
624 3322 719 3380 noctis
742 3324 825 3381 horas
847 3323 1041 3381 nuntiabatur.
1082 3323 1178 3381 Nemo

188 3400 319 3458 audierat
332 3410 391 3457 tam
407 3401 515 3459 celebri
528 3401 601 3472 loeo,
616 3420 703 3459 nemo
715 3413 862 3460 senserat:
883 3412 980 3460 tamen
997 3402 1177 3463 audiebatur.

186 3478 255 3537 Non
274 3490 403 3555 poteram
424 3480 480 3538 On.
501 3478 680 3557 Pompeium,
694 3481 929 3558 prestantissima
949 3482 1052 3540 virtute
1073 3484 1175 3554 virum,

187 3557 321 3615 timidum
341 3559 501 3636 suspicari:
523 3559 713 3637 diligentiam,
728 3560 788 3619 tota
808 3559 956 3637 republica
977 3563 1120 3638 suscepti,
1135 3563 1178 3619 ni·
1194 3570 1229 3622 40

188 3637 276 3693 miam
302 3638 411 3695 nullam
436 3640 582 3715 putabam.
624 3635 870 3715 Frequentissimo
897 3649 999 3697 senatu
1026 3661 1118 3717 nuper
1146 3640 1175 3696 in

188 3714 339 3790 Capitolio,
354 3728 467 3775 senator
491 3718 624 3776 inventus
643 3728 697 3789 est,
715 3720 763 3793 qui
789 3716 929 3776 Milonem
951 3738 1019 3775 oum
1040 3719 1098 3776 telo
1115 3737 1178 3774 esse

188 3793 306 3851 diceret.
347 3796 477 3855 Nudavit
504 3818 535 3855 se
563 3798 591 3855 in
619 3798 801 3856 sanctissimo
823 3797 940 3871 templo,
961 3797 1097 3871 quoniam
1120 3796 1178 3850 vita

187 3872 254 3930 talis
267 3882 296 3931 et
309 3873 390 3947 civis
405 3885 434 3933 et
454 3876 519 3949 viri,
533 3876 619 3934 fidem
632 3896 692 3934 non
705 3876 841 3945 faciebat,
855 3875 924 3945 uisi,
937 3893 974 3931 eo
983 3879 1119 3942 tacente,
1133 3890 1180 3930 res

188 3951 250 4028 ipsa
262 3952 433 4029 loqueretur.
1196 3955 1232 4009 45
1330 3991 1333 3996 -
