2692 4484
403 325 539 383 carme
561 322 599 374 ru
622 324 660 373 n.
683 320 887 374 surculum
1131 294 1189 383 lta

149 459 230 544 letis3
258 482 319 529 tum
347 469 400 529 iste
427 470 576 528 venditum
605 477 691 541 atque
721 464 936 541 emancipatum
962 463 1142 522 tribunatum

150 551 277 612 consiliis
289 549 389 608 vestris
401 548 533 626 opposuit
540 568 548 619 ;
570 546 755 620 cervicesque
769 563 835 602 suas
848 543 877 601 ei
896 542 1022 620 subjecit
1034 543 1141 615 securi,

149 632 207 709 qud
221 629 303 687 multi
316 628 475 687 minoribus
496 627 527 684 in
547 625 678 703 peccatis
697 623 876 682 occiderunt.
918 623 954 680 In
981 632 1011 682 te
1032 631 1141 695 autem,

151 709 192 767 M.
208 707 327 780 Antoni,
348 708 379 765 id
399 706 528 765 decrevit
548 714 666 762 senatus
680 702 723 782 (et
746 695 862 777 quidem
885 701 1048 774 incolumis,
1069 720 1142 760 non·

150 790 220 847 dum
232 797 275 846 tot
294 786 454 844 luminibus
467 783 642 863 exstinctis),
663 782 740 858 quod
762 781 793 838 in
811 781 921 839 hostem
941 790 1070 858 togatum
1090 782 1141 838 de·
1171 783 1191 837 5

150 868 231 926 carni
251 875 296 924 est
315 865 430 923 solitum
451 882 531 922 more
550 861 699 938 majorum.
740 859 780 918 Et
792 869 825 916 tu
848 859 924 936 apud
943 860 1043 918 Patres
1063 858 1141 918 Con·

150 946 272 1023 scriptos
285 953 387 1002 contra
405 962 453 1001 me
473 942 572 999 dicere
592 958 679 997 ausus
699 958 740 1010 es,
761 936 830 996 crim
848 938 885 995 ab
897 939 953 997 boc
966 938 1067 998 ordine
1086 958 1142 1017 ego

152 1033 335 1084 conservator
355 1039 459 1092 essem,
479 1029 511 1077 tu
531 1018 630 1090 hostis,
656 1018 821 1094 reipublicae
839 1017 1008 1093 judicatusl
1056 1016 1142 1075 Gom·

152 1100 323 1160 memoratio
342 1099 419 1157 illius
438 1098 482 1155 tui
502 1097 620 1155 sceleris
647 1096 810 1154 intermissa
836 1105 889 1167 est,
916 1115 974 1153 non
1004 1096 1142 1155 memoria
1184 1107 1186 1111 ’

154 1181 259 1239 deleta
300 1178 379 1234 Dum
393 1195 485 1254 genus
508 1176 666 1247 hominum,
680 1176 749 1232 dum
769 1174 866 1251 populi
888 1173 1017 1233 Romani
1036 1193 1141 1235 nomen
1156 1175 1190 1228 10

155 1257 280 1316 exstabit
294 1254 384 1334 (quod
398 1254 514 1331 quidem
526 1255 590 1326 erit,
612 1255 638 1313 si
659 1274 710 1331 per
732 1264 760 1312 te
773 1253 897 1325 licuerit,
912 1252 1139 1336 sempiternum),

155 1348 207 1395 tua
221 1336 270 1393 illa
283 1334 418 1412 pestifera
430 1334 598 1392 intercessio
610 1332 813 1392 nominabitur.

194 1414 278 1477 Quid
292 1411 396 1489 cupide
411 1422 552 1484 asenam,
574 1412 644 1489 quid
663 1410 773 1470 temere
797 1411 894 1483 fiebat,
909 1408 976 1470 crim
993 1421 1036 1485 tu,
1057 1430 1142 1485 unus,

156 1493 333 1564 adolescens,
348 1492 512 1549 uuiversum
525 1492 656 1550 ordinem
672 1491 831 1549 decernere
854 1491 891 1548 de
904 1490 996 1549 salute
1008 1489 1144 1568 reipubli-

155 1591 198 1630 cae
218 1570 409 1648 prohibuisti?
430 1590 524 1647 aeque
546 1571 576 1628 id
599 1570 700 1642 semel,
722 1570 773 1628 sed
796 1569 918 1646 saepius:
939 1588 1033 1645 neque
1052 1579 1085 1627 tu
1103 1564 1193 1628 trs-15

155 1669 223 1708 cum
244 1650 280 1708 de
309 1649 426 1708 senatris
456 1651 625 1709 auctoritate
654 1649 702 1727 agi
732 1668 832 1726 passus
862 1668 902 1707 es.
943 1647 1028 1710 Quid
1049 1657 1145 1706 autem

156 1730 303 1806 agebatur,
330 1728 387 1788 nisi
409 1748 448 1787 ne
468 1729 565 1788 delere
585 1739 615 1787 et
636 1739 765 1787 evertere
786 1727 996 1805 rempublicam
1016 1726 1146 1785 fimditus

155 1809 251 1880 velles,
266 1804 334 1866 cirm
348 1818 377 1867 te
389 1826 484 1884 neque
505 1808 651 1887 principes
673 1807 799 1866 civitatis
822 1807 959 1884 rogando,
972 1825 1067 1883 neque
1085 1824 1145 1864 ma·

153 1887 229 1963 jores
248 1896 319 1945 natu
348 1888 501 1960 monendo,
529 1906 625 1963 neque
655 1887 790 1963 frequens
820 1896 938 1944 senatus
966 1886 1088 1963 agendo,
1109 1885 1146 1943 de

157 1966 272 2024 venditi
293 1976 379 2042 atque
409 1966 527 2024 addicta
553 1967 698 2025 sententia
726 1966 877 2024 demovere
906 1965 1018 2042 potuitl
1066 1964 1195 2022 Turum

158 2043 238 2116 illud,
252 2045 349 2102 multis
372 2046 459 2103 rebus
480 2043 547 2103 ante
569 2045 697 2116 tentatis,
717 2042 882 2103 neeessarid
906 2043 960 2101 tibi
980 2043 1085 2101 vulnus
1104 2043 1147 2104 iu·

158 2122 279 2194 (lictum,
293 2124 369 2197 quod
388 2123 491 2198 paucis
511 2133 578 2181 ante
596 2132 645 2181 te:
667 2141 787 2198 quorum
801 2122 954 2181 incolumis
974 2121 1035 2181 fuit
1051 2141 1144 2181 nemo.

159 2199 239 2258 Tum
259 2211 360 2259 contra
379 2210 409 2259 te
429 2201 509 2260 dedit
529 2221 609 2260 arma
628 2202 678 2260 hic
697 2202 767 2262 ordo
786 2202 961 2259 consulibus,
972 2202 1146 2278 reliquisque

159 2279 286 2356 imperiis
299 2289 329 2338 et
341 2280 544 2356 potestatibus;
564 2301 628 2359 quae
642 2300 700 2340 nou
720 2281 878 2359 effugisses,
899 2281 956 2339 nisi
969 2291 998 2339 te
1013 2282 1050 2339 ad
1066 2300 1147 2341 arma

158 2357 284 2417 casaris
297 2358 475 2418 contulisses.
1158 2357 1196 2413 25

197 2437 301 2496 XXII.
336 2436 396 2510 Tu,
411 2448 452 2510 tu,
467 2438 594 2514 inquam,
618 2437 661 2497 M.
677 2439 797 2511 Antoni,
819 2439 952 2517 princeps
974 2439 1008 2498 0.
1024 2439 1144 2511 Caesari,

139 2516 255 2574 'omnia
266 2516 434 2594 perturbare
448 2518 585 2595 cupienti,
609 2537 729 2577 causam
743 2518 812 2577 belli
825 2529 925 2577 contra
936 2519 1059 2597 patriam
1072 2518 1155 2600 infe-¹

157 2595 240 2653 rendi
254 2596 367 2654 dedisti.
406 2596 490 2659 Quid
504 2596 581 2655 enim
607 2597 684 2655 aliud
699 2598 748 2656 ille
762 2598 897 2657 dicebat?
918 2617 1005 2674 quam
1025 2616 1144 2657 causam

157 2672 364 2734 dementissimi
378 2675 423 2732 sui
443 2676 556 2744 consilii
577 2686 606 2734 et
627 2676 697 2735 sacti
722 2677 876 2750 afferebat,
892 2678 948 2736 nisi
962 2676 1040 2754 quod
1058 2677 1146 2735 inter·

157 2753 250 2811 cessio
262 2754 405 2831 neglecta,
417 2754 464 2830 jus
483 2755 671 2814 tribunicium
696 2756 850 2828 sublatum,
873 2756 1108 2834 circumscriptus
1128 2763 1195 2819 a30

157 2842 257 2889 senatu
278 2842 354 2891 esset
380 2834 546 2893 Antonius?
596 2834 718 2906 Omitto,
746 2833 833 2909 qudm
859 2836 923 2893 haec
949 2836 1031 2907 falsa,
1058 2834 1146 2910 quim

156 2910 247 2981 levia3
275 2913 434 2987 praesertim
460 2911 529 2971 cirm
554 2914 673 2972 omnino
698 2914 779 2972 nulla
808 2933 896 2971 causa
913 2914 990 2991 justa
1010 2914 1147 2991 cuiquam

157 3009 221 3047 esse
241 2990 330 3066 possit
356 3001 457 3048 contra
481 2991 603 3068 patriam
630 3012 712 3067 arma
737 2992 881 3069 capiendi.
935 2993 995 3051 Sed
1017 2993 1090 3052 nihil
1111 2993 1148 3050 de

158 3067 294 3126 Caesare:
314 3068 368 3125 tibi
386 3068 466 3127 certe
489 3070 685 3129 confitendum
706 3081 760 3143 est,
774 3090 893 3129 causam
914 3069 1148 3147 perniciosissimi

159 3145 228 3203 belli
241 3146 272 3204 in
285 3147 472 3223 personatui
486 3148 655 3208 constitisse.
696 3149 725 3208 Ο
739 3150 877 3207 miserum
894 3160 933 3222 te,
955 3150 980 3207 si
994 3148 1146 3226 intelligis!
1161 3153 1197 3209 35

158 3224 347 3296 miseriorem,
370 3226 395 3283 si
418 3245 477 3285 uon
498 3227 644 3305 intelligis,
668 3229 724 3287 hoc
744 3228 834 3287 literis
854 3228 995 3301 mandari,
1014 3230 1070 3287 hoc
1089 3247 1149 3287 me·

158 3303 256 3362 morire
268 3304 360 3380 prodi,
375 3305 460 3381 hujus
483 3306 526 3364 rei
547 3326 585 3365 ne
604 3307 799 3384 posteritatem
820 3308 936 3383 quidem
949 3308 1077 3367 omnium
1097 3327 1148 3366 se·

157 3383 289 3441 culorum
302 3403 430 3461 uuquam
443 3384 640 3444 immemorem
654 3386 724 3458 fore,
739 3387 872 3450 consules
892 3407 928 3446 ex
948 3387 1034 3446 Italia
1047 3405 1154 3445 exous-⁷

157 3481 213 3533 sos,
227 3480 352 3538 cumque
373 3463 419 3520 his
433 3462 488 3522 Gn.
511 3464 690 3541 Pompeium,
704 3466 753 3540 qui
768 3465 880 3543 imperii
902 3467 997 3544 populi
1018 3466 1145 3525 Romani

66 3565 71 3569 ·
157 3541 248 3599 decus
261 3559 296 3598 ac
309 3541 407 3600 lumen
422 3542 494 3614 suit;
515 3562 615 3602 omnes
629 3545 804 3616 consulares,
818 3546 868 3622 qui
888 3566 938 3622 per
952 3547 1145 3605 valetudinem
1161 3552 1208 3605 40·

156 3619 275 3695 exsequi
288 3619 399 3678 cladem
421 3621 500 3679 illam
521 3623 676 3701 fugamque
695 3623 869 3701 potuissent;
890 3632 1035 3702 pretores,
1047 3634 1147 3702 praeto·

156 3698 224 3769 rios,
239 3698 368 3757 tribunos
380 3700 482 3776 plebis,
496 3714 633 3780 magnam
654 3712 766 3780 partem
789 3705 917 3775 senatus,
931 3722 1047 3762 omnem
1067 3702 1148 3759 sobo-

156 3777 214 3835 lem
226 3776 392 3853 juventutis,
415 3799 528 3855 unoque
542 3782 638 3855 verbo,
660 3782 869 3859 rempublicam
890 3782 1037 3862 expulsam
1061 3787 1147 3850 atque

157 3854 375 3924 exterminatam
389 3858 449 3923 suis
462 3860 594 3923 sedibus!
