2692 4484
338 294 476 373 ocimo
495 319 566 369 ruo
588 316 687 367 usca
708 314 877 366 usurum.
1115 314 1153 373 ol

123 470 223 547 quibus
242 465 453 525 conditionibus
478 463 709 541 proficiscantur,
730 459 863 537 ignorant
889 457 1027 516 videlicet
1050 455 1109 544 isti,

124 549 172 625 qui
191 547 226 604 ad
245 564 334 604 unum
355 544 512 605 deserenda
531 561 595 600 esse
614 539 713 601 omnia
732 557 790 596 non
810 537 1006 596 arbitrantur?
1026 552 1110 611 quasi

30 632 37 648 “
111 624 189 695 ‚verb
209 625 262 683 On.
283 625 451 700 Pompeium
478 618 636 693 non,ci1m
662 617 723 674 suis
748 616 910 688 virtutibus,
930 626 992 674 tum
1020 614 1109 672 etiam

125 704 223 763 alienis
236 703 320 773 vitiis,
334 720 474 779 maguum
487 719 551 760 esse
564 699 721 756 videamus.
968 756 970 760 ,

131 808 148 823 ὴ
160 783 272 853 Quare,
286 782 375 840 nolite
388 781 532 850 dubitare,
546 778 617 853 quin
630 775 701 833 huic
715 774 765 832 uni
785 774 910 832 credatis
929 773 1037 845 omnia,
1058 771 1108 848 qui
1139 781 1158 834 5

125 862 195 920 inter
211 879 300 919 annos
312 870 354 918 tot
373 879 450 917 unus
470 859 604 916 inventus
617 855 663 924 sit,
684 871 768 929 quem
793 853 865 911 socii
885 853 915 911 in
935 853 1020 911 urbes
1041 870 1109 909 suas

125 959 190 998 cum
223 940 351 998 exercitu
378 938 490 996 venisse
517 936 670 1013 gaudeant.
716 931 808 993 Quod
837 932 862 988 si
893 931 1109 989 auctoritatibus

104 1010 201 1076 'hauc
231 1037 358 1088 causam,
378 1015 522 1085 Quirites,
547 1011 776 1071 confirmandam
801 1011 926 1086 putatis;
960 1020 1004 1069 est
1030 1010 1109 1067 vobis

127 1107 236 1169 auctor,
250 1097 292 1153 vir
314 1095 455 1153 bellorum
477 1091 606 1151 omnium
627 1089 872 1162 maximarumque
892 1108 988 1147 rerum
1000 1089 1110 1166 peritis·

127 1176 227 1246 simus,
246 1176 278 1233 P.
301 1172 456 1242 Servilium
487 1170 569 1246 cujus
593 1178 681 1226 tante
707 1186 754 1225 res
772 1177 860 1243 gesta
879 1166 956 1225 terri
982 1168 1110 1257 mariqpe
1125 1170 1159 1226 10
1243 1220 1246 1225 .

128 1254 306 1323 exstiterunt,
321 1262 363 1322 ut,
378 1248 446 1310 cium
460 1250 496 1307 de
510 1248 583 1306 bello
596 1245 771 1317 deliberetis,
787 1256 886 1303 auctor
905 1246 985 1304 vobis
998 1265 1110 1323 gravmr

129 1350 194 1389 esse
214 1350 298 1388 nemo
317 1330 438 1405 debeat3
458 1338 501 1384 est
521 1326 555 1383 Ο.
570 1324 669 1396 Curio,
691 1323 811 1382 summis
831 1324 932 1381 vestris
952 1325 1110 1396 beneficiis,

130 1408 416 1483 maximisque'rebus
428 1407 524 1483 gestis,
539 1422 651 1462 summo
663 1402 781 1479 ingenio
800 1412 830 1460 et
842 1403 994 1480 prudentii
1012 1403 1111 1480 praedi·

128 1496 192 1543 tus:
214 1497 256 1544 est
270 1487 324 1543 On.
338 1485 487 1555 Lentulus,
502 1483 532 1541 in
546 1502 603 1558 quo
615 1501 726 1552 omnes,
739 1500 791 1558 pro
811 1480 998 1559 amplissimis
1011 1481 1112 1563 restris
1146 1490 1148 1494 '

128 1564 292 1634 honoribus,
320 1581 463 1620 summum
490 1562 652 1632 consilium,
681 1578 823 1618 summam
850 1559 994 1636 gravltate'
1022 1580 1112 1635 ,esse
1127 1566 1182 1633 15Γ

127 1641 315 1718 cognoscitis:
343 1651 388 1699 est
407 1641 442 1699 C.
465 1641 595 1712 Cassius,
616 1639 791 1716 integritate,
811 1638 926 1710 virtute,
981 1632 1113 1696 'stantia
1151 1642 1167 1655 “

126 1719 273 1797 singulari.
312 1719 425 1791 Quare,
446 1719 551 1791 videte,
572 1729 614 1792 ut,
629 1719 731 1777 horum
752 1718 980 1790 auctoritatibus,
1000 1719 1113 1778 illorum

125 1798 246 1858 orationi
260 1797 309 1873 qui
323 1798 506 1870 dissentiunt,
520 1799 691 1876 respondere
703 1816 786 1874 posse
800 1797 955 1856 videamur.

165 1877 281 1936 XXIV.
319 1877 397 1940 Quae
428 1876 496 1937 cium
526 1877 568 1955 ita
587 1876 655 1948 sint,
676 1877 711 1935 C.
734 1876 849 1946 Manili,
876 1874 1000 1952 primum
1018 1875 1114 1956 istam

125 1966 206 2014 tuam
220 1967 249 2015 et
261 1957 367 2033 legem,
382 1967 411 2015 et
424 1956 610 2031 voluntatem,
623 1966 654 2015 et
667 1955 841 2013 sententiam
854 1955 951 2029 laudo,
963 1954 1116 2013 vehemen·
1128 1946 1165 2007 2⁰

124 2034 293 2112 tissimeque
314 2018 485 2112 comprobo:
507 2035 612 2094 deinde
631 2046 661 2093 te
680 2036 786 2105 hortor,
808 2043 850 2105 ut,
872 2036 988 2093 auctore
1013 2028 1117 2109 populo

115 2114 272 2184 ¹Romanu,
287 2132 406 2172 maneas
420 2115 450 2173 in
464 2114 617 2184 sententii,
632 2133 705 2172 neve
725 2113 896 2190 cujusquam
916 2112 975 2171 vim
996 2122 1045 2170 ant
1064 2110 1117 2168 mi-

124 2212 178 2251 nas
198 2191 396 2269 pertimescas.
444 2190 585 2264 Primum,
608 2193 637 2251 in
657 2204 687 2251 te
707 2192 777 2250 satis
797 2211 860 2251 esse
882 2191 971 2250 animi
990 2207 1119 2268 perseve-

15 2304 25 2327 ι
124 2271 287 2347 rantioeque
308 2269 445 2330 arbitror:
466 2271 581 2344 deinde,
596 2270 665 2330 cium
684 2283 795 2329 tantam
814 2271 1029 2328 multitudinem
1050 2287 1117 2328 cum

123 2361 208 2409 tanto
238 2349 333 2408 studio
363 2351 464 2408 adesse
491 2350 648 2422 videamus,
676 2360 815 2426 quantum
845 2369 924 2408 nunc
953 2349 1058 2407 iterum
1087 2348 1117 2405 in
1130 2352 1167 2405 25

123 2430 230 2489 eodem
250 2427 366 2503 homine
405 2429 569 2489 raeticieudo
589 2429 737 2499 videmus;
760 2428 829 2503 qnid
849 2438 902 2499 est,
917 2427 995 2502 qndd
1010 2438 1060 2485 aut
1080 2429 1116 2484 de

124 2528 166 2580 re,
187 2517 241 2565 aut
261 2507 298 2565 de
316 2526 366 2583 per
388 2506 485 2568 ciendi
506 2508 651 2579 facultate,
681 2508 875 2565 dubitemusl,
915 2505 980 2585 Ego
1009 2516 1116 2576 autem,

57 2610 67 2621 ·
124 2585 269 2662 quidquid
282 2585 312 2644 in
332 2605 379 2644 me
399 2598 443 2645 est
463 2587 560 2658 studii,
575 2587 698 2659 consilii,
712 2586 828 2658 laboris,
843 2585 963 2663 ingenii,
978 2585 1117 2661 quidquid

125 2667 180 2724 hoc
196 2664 339 2723 beneficio
351 2666 448 2742 populi
466 2665 605 2737 Romani,
628 2676 715 2743 atque
738 2667 794 2745 hac
814 2675 954 2742 potestate
975 2663 1116 2741 pretorii,

124 2744 267 2821 quidquid
289 2744 468 2816 auctoritate,
489 2746 555 2816 lide,
577 2745 739 2804 coustantii
757 2744 890 2821 possulm
912 2744 942 2802 id
964 2763 1060 2814 omne,
1081 2743 1118 2800 ad
1131 2744 1168 2797 30

64 2852 78 2877 0
125 2825 204 2882 hanc
219 2841 279 2881 rem
300 2823 520 2895 conficiendam,
534 2824 588 2882 tibi
607 2836 637 2883 et
655 2825 760 2902 populo
779 2824 915 2882 Romano
934 2823 1069 2900 polliceor
1089 2833 1119 2879 et
1195 2880 1204 2903 ,

125 2903 234 2961 defero.
289 2901 451 2978 Testorque
472 2922 572 2962 omues
595 2903 685 2975 Dece,
710 2915 740 2961 et
761 2923 810 2961 eos
830 2903 956 2961 maxime
978 2902 1027 2977 qui
1049 2901 1118 2958 huic

125 2981 191 3039 loco
214 2981 376 3055 temploque
399 2982 562 3057 president,
585 2983 635 3056 qui
654 2982 785 3041 omnium
805 2991 917 3040 mentes
937 3000 1047 3051 eorum,
1068 2978 1118 3054 qul

127 3060 243 3131 adrem
255 3058 403 3133 publicam
417 3060 534 3131 adeunt,
543 3060 668 3118 maxime
682 3060 869 3137 perspiciunt,
888 3079 935 3118 me
954 3062 1009 3119 hoc
1023 3076 1117 3131 neque

125 3146 232 3214 rogatu
253 3137 349 3195 facere
369 3137 550 3212 cujusquam,
571 3158 665 3212 neque
687 3137 745 3213 quo
770 3139 824 3196 Cn.
849 3138 977 3215 Pompeii
996 3136 1119 3215 gratiam
1133 3146 1168 3200 35

127 3214 202 3272 mihi
216 3234 267 3290 per
281 3216 357 3272 hanc
371 3233 489 3271 causam
504 3215 653 3275 conciliari
666 3227 783 3292 putem;
803 3235 897 3290 neque
917 3215 974 3291 qud
988 3215 1069 3286 mihi,
1084 3233 1120 3272 en

128 3293 302 3371 cujusquam
316 3291 513 3369 amplitudine,
529 3304 578 3351 aut
590 3294 724 3371 praesidia
735 3295 881 3372 periculis,
892 3305 941 3352 aut
955 3296 1120 3371 adjumenta
1156 3338 1159 3343 ⁴

128 3371 296 3443 honoribus,
311 3390 454 3447 quaeram3
468 3384 618 3450 propterea
631 3372 710 3463 quaid
721 3373 853 3459 pericula
871 3373 969 3446 facile,
984 3386 1017 3432 ut
1030 3373 1120 3432 homi·

128 3469 197 3509 nem
210 3462 345 3528 prestare
364 3462 483 3528 oportet,
498 3451 676 3521 innocentii?
688 3452 773 3525 tecti,
792 3442 977 3531 repellemus:
998 3456 1126 3520 honores

130 3541 227 3588 autem
247 3550 341 3606 neque
362 3531 398 3589 ab
419 3551 486 3604 uuo,
501 3552 596 3608 neque
616 3540 662 3592 ers'
672 3534 728 3590 hoc
747 3533 821 3606 loco,
835 3535 885 3591 sed
899 3535 1002 3592 eidem
1022 3532 1120 3590 nostri
1133 3540 1169 3593 40

129 3608 179 3666 illt
193 3609 415 3698 laboriosissimis
436 3611 545 3670 ratione
565 3610 641 3685 vitm,
656 3612 681 3670 si
694 3623 788 3671 vestra
807 3613 937 3671 voluntas
957 3612 1038 3683 seret,
1054 3631 1121 3670 cou-

128 3706 291 3763 sequemur.

169 3764 377 3839 Quamobrem,
395 3769 536 3845 quidquid
557 3769 586 3828 in
607 3772 663 3829 hac
684 3771 773 3828 causi
792 3775 863 3829 mr'nr
883 3783 1047 3845 susceptum
1067 3782 1121 3837 est,

128 3841 272 3921 Quirites,
287 3845 316 3909 id
329 3864 414 3907 omne
428 3866 474 3906 me
487 3848 656 3924 reipublicae
674 3850 763 3906 causi
784 3849 944 3924 suscepisse
966 3846 1123 3903 confirmo:

367 3925 386 3995 (l
