2692 4484
123 345 125 350 .
156 316 214 376 1⁰⁰
377 311 514 362 onemo
535 311 606 363 rso
627 311 659 361 r.
680 309 796 361 ιιιιιιο
816 275 967 361 maone.

204 455 306 515 aliene
325 475 383 514 non
401 474 502 532 posse;
523 465 621 513 tamen
634 455 699 512 hare
712 454 778 513 nori
788 454 898 531 judicii
907 474 982 513 nora
995 454 1087 514 forma
1106 470 1201 517 terret

203 536 312 607 oculos,
333 535 392 611 qoi,
412 532 587 609 quiscunque
614 533 779 605 inciderint,
800 543 927 591 veterem
954 537 1199 595 consuetudinem

204 615 267 687 fori,
281 624 311 673 et
329 613 481 691 pristinum
500 632 609 671 morem
626 613 811 689 judiciorum,
826 613 985 688 requirunt.
1025 613 1095 674 Non
1115 617 1198 675 enim

204 693 310 752 corona
330 711 480 751 consessus
499 702 593 750 vester
614 692 728 750 cinctus
748 700 801 762 est,
814 700 848 749 ut
865 692 994 763 solebat3
1014 713 1072 751 non
1085 696 1196 754 usitata

171 770 365 847 5frequentia
384 771 481 848 stipati
494 790 601 829 sumus.
642 769 722 828 Nam
742 770 793 828 illa
810 771 954 847 praesidia,
969 790 1032 847 quae
1051 792 1103 849 pro
1121 784 1195 832 tem·

202 852 257 929 plis
276 850 409 909 omnibus
429 850 557 922 cernitis,
571 850 625 907 etsi
646 859 746 908 contra
765 848 823 906 rim
844 850 985 908 collocata
1002 861 1078 923 sunt,
1095 851 1194 929 [nobis

204 930 327 988 effemnt
349 941 447 988 tamen
470 929 594 987 horroris
618 928 726 1004 aliquid
734 929 757 1008 3]
779 937 822 998 ut,
837 928 867 986 in
882 929 951 1018 fqro,
966 939 998 986 et
1019 930 1049 988 in
1066 931 1196 1007 judicio,

203 1027 367 1086 quanquam
379 1007 519 1099 praesidiis
538 1008 712 1065 salutaribus
725 1017 754 1065 et
767 1007 939 1065 necessariis
958 1010 1032 1085 septi
1051 1008 1192 1101 [sumus],

203 1097 300 1146 tamen
320 1107 358 1146 ne
377 1107 435 1146 uon
455 1087 557 1145 timere
578 1087 696 1162 quidem
722 1086 785 1144 sine
806 1087 900 1162 aliquo
920 1087 1022 1146 timore
1041 1090 1190 1164 possimus
1237 1135 1240 1142 .

155 1166 189 1219 10
202 1166 322 1228 Quae
299 1186 325 1224 sr
344 1167 472 1243 opposita
491 1164 595 1224 Miloni
611 1176 753 1242 putarem,
768 1166 902 1223 cederem
915 1167 1046 1242 tempori,
1057 1167 1190 1243 judices3

202 1264 269 1316 nec,
283 1245 358 1303 inter
377 1255 488 1303 tantam
507 1244 565 1301 vim
586 1262 740 1316 armorum,
757 1245 951 1302 existimarem
971 1247 1076 1304 oratori
1094 1247 1191 1305 locum

203 1343 274 1382 esse.
316 1325 376 1382 Sed
395 1343 442 1382 me
462 1333 575 1382 recreat
593 1333 623 1381 et
642 1322 737 1381 reficit
756 1323 811 1381 Cn
833 1322 973 1419 Pompeii,
988 1325 1197 1414 sapientissimi
1279 1382 1287 1388 .

203 1412 234 1461 et
249 1403 400 1480 justissimi
419 1403 483 1475 viri,
504 1401 675 1472 consilium3
702 1402 757 1493 qui
770 1400 899 1479 profecti>
919 1422 976 1460 nec
993 1403 1111 1479 justitiae
1131 1424 1191 1462 suae

202 1491 317 1558 putaret
336 1501 410 1553 esse,
422 1500 510 1557 quem
528 1499 610 1538 reum
624 1445 775 1538 seritentiis
785 1481 919 1558 judicum
932 1482 1105 1554 tradidisset,
1120 1502 1191 1540 eun·
1275 1497 1283 1510 '

139 1565 188 1618 ,15
203 1561 270 1618 dem
289 1561 354 1619 telis
367 1560 491 1619 militum
504 1561 626 1630 dedere,
647 1578 704 1617 nec
717 1560 874 1637 sapientia,
888 1560 1080 1648 temeritatem
1094 1562 1191 1619 oonci·

202 1649 270 1697 tatae
282 1640 474 1698 multitudinis
488 1638 658 1697 auctoritate
670 1638 789 1716 publici
803 1657 923 1704 armare

242 1717 441 1779 Quamobrem
461 1718 512 1776 illa
531 1737 621 1789 arma,
636 1718 830 1789 centuriones,
845 1717 987 1789 cohortes,
1001 1737 1059 1776 non
1074 1717 1216 1814 pericm

213 1814 263 1854 um
289 1797 382 1868 nobis,
408 1798 459 1856 sed
485 1764 660 1874 presidirim,
688 1797 877 1854 denuntiant.
907 1816 1002 1872 neque
1028 1794 1130 1868 solim,
1156 1807 1189 1855 ut

203 1875 309 1951 quieto,
323 1876 482 1934 sedetiam
501 1885 534 1933 ut
553 1894 659 1953 magno
679 1875 775 1934 animo
795 1876 894 1947 simus,
908 1876 1075 1947 hortantur,
1089 1895 1191 1953 ιιιιι3ιιιι

151 1953 188 2007 20
203 1954 341 2013 auxilium
360 1953 446 2013 modo
466 1955 626 2013 defensioni
645 1972 728 2026 mere,
742 1951 842 2012 verum
856 1954 942 2012 etiam
961 1919 1107 2012 silentirim
1109 1954 1191 2031 po,l·

201 2034 334 2092 licentur
375 2034 503 2110 Reliqua
521 2030 589 2092 vero
610 2033 773 2104 multitudo,
787 2052 852 2108 quae
871 2033 985 2108 quidem
1005 2044 1049 2089 est
1069 2033 1190 2105 civium,

201 2121 262 2170 tota
280 2123 377 2172 nostra
396 2123 458 2184 est,
478 2132 573 2188 neque
592 2131 691 2170 eorum
711 2112 871 2188 quisquam,
886 2130 954 2187 quos
972 2111 1120 2186 undique
1112 2120 1190 2168 mtu-

200 2201 283 2249 entes
295 2193 424 2264 cernitis,
438 2156 516 2250 rinde
537 2191 634 2267 aliqua
651 2210 718 2268 pars
737 2191 791 2249 sori
812 2190 922 2281 adspici
940 2199 1041 2267 potest,
1055 2199 1084 2250 et
1101 2190 1189 2266 hujus

202 2271 311 2328 exitum
331 2238 435 2348 judicii
456 2279 664 2348 exspectantes,
678 2290 746 2341 non,
760 2268 829 2328 crim
842 2269 940 2340 virtuti
961 2267 1080 2327 Milonis
1100 2268 1188 2344 favet,

151 2346 187 2400 25
202 2357 264 2405 tum
277 2350 314 2407 de
327 2369 369 2420 se,
383 2350 420 2407 de
432 2348 531 2408 liberis
544 2350 613 2421 suis,
629 2351 664 2407 de
677 2348 781 2426 patriti,
795 2349 832 2407 de
845 2335 975 2416 fortunis,
990 2336 1128 2406 hodierno
1140 2347 1188 2405 die
1202 2356 1204 2359 '

202 2426 344 2485 decertari
356 2436 445 2502 putat
904 2464 907 2470 ι
1200 2426 1203 2428 ’

240 2503 282 2560 ΙΙ.
316 2503 413 2562 Unum
427 2523 520 2581 genus
533 2513 577 2562 est
591 2507 742 2564 adversum
760 2505 952 2580 infestumque
972 2505 1065 2577 nobis,
1079 2523 1187 2575 eornm,
1203 2501 1210 2513 ”

202 2600 272 2657 quos
291 2581 324 2638 P
339 2582 434 2640 Clodii
455 2584 533 2642 furor
553 2584 660 2661 rapinis
680 2594 709 2642 et
729 2584 873 2643 incendiis
892 2594 921 2642 et
940 2584 1074 2642 omnibus
1093 2583 1188 2641 exitiis

199 2660 431 2749 publicispavit:
452 2664 502 2752 qui
516 2664 651 2721 hesternai
670 2664 758 2721 etiam
780 2662 920 2722 concione
940 2663 1053 2722 incitati
1066 2672 1141 2733 sunt,
1157 2671 1187 2718 ut
1232 2727 1240 2732 ,

151 2742 187 2795 30
202 2738 281 2797 vobis
300 2759 370 2798 voce
394 2740 538 2816 preirent,
559 2742 628 2816 quid
652 2742 830 2818 judicaretis.
872 2741 1006 2803 Quorum
1033 2707 1141 2799 clamor,
1163 2740 1189 2797 si

201 2817 251 2893 qui
270 2817 342 2875 sorte
364 2818 459 2889 fuerit,
481 2820 634 2878 admonere
653 2840 703 2878 vos
723 2821 850 2892 debebit,
873 2829 904 2877 ut
923 2840 990 2878 eum
1011 2820 1102 2878 civem
1122 2818 1189 2876 reti·

201 2895 304 2969 neatis,
319 2897 369 2972 qui
388 2916 500 2974 semper
520 2918 612 2975 genus
632 2898 704 2956 illud
718 2899 876 2970 hominum,
891 2898 1086 2974 clamoresque
1100 2897 1189 2954 maxi-

202 2993 272 3045 mos,
286 2996 337 3052 pro
349 2996 398 3033 res
399 2977 444 3033 trsi
457 2977 549 3034 salute
562 2978 697 3054 neglexit
737 2978 937 3039 Quamobrem
959 2978 1056 3035 adeste
1075 2976 1187 3047 animis,
1272 3018 1279 3022 .

199 3054 331 3130 judices3
360 3065 390 3113 et
408 3055 549 3127 timorem,
570 3056 594 3113 si
615 3074 716 3147 quem.
728 3056 849 3127 habetis,
871 3057 1013 3133 deponite
1055 3055 1141 3124 Nam,
1163 3054 1189 3110 si

151 3148 187 3201 35
202 3153 329 3210 unquam
349 3135 385 3192 de
405 3135 489 3193 bonis
508 3143 537 3192 et
557 3134 716 3193 sortibus
690 3134 768 3205 viris,
783 3135 807 3191 si
824 3153 952 3211 unquam
965 3135 1002 3192 de
1016 3132 1090 3192 bene
1105 3132 1190 3189 meri·

201 3213 239 3270 tis
252 3214 364 3272 civibus
366 3224 512 3290 ,potestas
524 3213 604 3271 robis
621 3180 773 3290 judicandi
793 3213 863 3284 fuit;
885 3233 909 3271 sr
901 3213 1049 3288 denique
1062 3229 1190 3285 unquam

202 3291 282 3349 locus
306 3261 544 3369 amplissimorum
572 3292 705 3350 ordinum
733 3291 853 3350 delectis
872 3292 941 3350 viris
961 3292 1046 3349 datus
1064 3301 1118 3361 est,
1138 3289 1189 3345 ubi

202 3387 255 3424 sua
277 3371 373 3427 studia
395 3390 464 3447 erga
484 3372 570 3429 fortes
592 3381 621 3429 et
643 3371 733 3429 bonos
753 3370 841 3441 cives,
862 3389 925 3445 quae
945 3370 1026 3426 vultu
1046 3380 1076 3426 et
1095 3367 1192 3425 verbis

202 3465 276 3522 sepe
302 3447 525 3524 significassent,
545 3468 577 3507 re
597 3461 626 3508 et
645 3448 797 3507 sententiis
817 3449 1016 3514 declararent3
1044 3448 1100 3502 hoc
1125 3464 1190 3519 pro-

152 3526 187 3579 40
202 3523 278 3582 secto
293 3535 419 3620 tempore
439 3544 505 3583 eam
522 3538 693 3603 potestatem
709 3544 824 3586 ornnem
837 3545 887 3583 vos
900 3522 1023 3592 habetis,
1037 3530 1070 3578 ut
1083 3531 1192 3580 statua·

201 3602 248 3674 tis,
263 3600 359 3661 utrirm
378 3624 441 3675 nos,
456 3605 505 3679 qui
525 3624 637 3683 semper
650 3617 750 3664 vestrae
773 3601 936 3661 auctoritati
959 3567 1050 3658 dediti
1072 3597 1190 3673 mimus,

201 3702 312 3763 semper
332 3683 429 3741 miseri
450 3683 614 3761 lugeamus,
626 3705 672 3757 an,
687 3685 737 3742 diu
757 3680 850 3740 vexati
872 3701 889 3740 a
908 3678 1148 3757 perditissimis'
1122 3679 1192 3736 crvi-

202 3756 265 3834 bris,
288 3762 440 3838 aliquando
459 3782 510 3839 per
529 3785 588 3838 ros,
611 3786 646 3824 ac
665 3773 789 3823 vestram
809 3762 906 3858 fidem,
920 3761 1067 3870 virtutem,
1081 3758 1193 3835 sapien·
1272 3811 1276 3820 .

202 3842 338 3917 tiamque,
352 3862 524 3902 recreemur.
