<?xml version="1.0" encoding="UTF-8"?>
<!DOCTYPE html PUBLIC "-//W3C//DTD XHTML 1.0 Transitional//EN"
    "http://www.w3.org/TR/xhtml1/DTD/xhtml1-transitional.dtd">
<html xmlns="http://www.w3.org/1999/xhtml" xml:lang="en" lang="en">
 <head>
  <title>
</title>
<meta http-equiv="Content-Type" content="text/html;charset=utf-8" />
  <meta name='ocr-system' content='tesseract 3.04.00' />
  <meta name='ocr-capabilities' content='ocr_page ocr_carea ocr_par ocr_line ocrx_word'/>
</head>
<body>
  <div class='ocr_page' id='page_1' title='image "./orationesqudams02cicegoog/orationesqudams02cicegoog_0093.png"; bbox 0 0 2692 4484; ppageno 0'>
   <div class='ocr_carea' id='block_1_1' title="bbox 122 304 988 381">
    <p class='ocr_par' dir='ltr' id='par_1_1' title="bbox 122 304 988 381">
     <span class='ocr_line' id='line_1_1' title="bbox 122 304 988 381; baseline 0.014 -28"><span class='ocrx_word' id='word_1_1' title='bbox 122 330 126 337; x_wconf 40' lang='lat' dir='ltr'>x</span> <span class='ocrx_word' id='word_1_2' title='bbox 151 321 193 381; x_wconf 44' lang='grc' dir='ltr'><strong>ᾖ</strong></span> <span class='ocrx_word' id='word_1_3' title='bbox 248 304 252 315; x_wconf 90' lang='grc'><strong>’</strong></span> <span class='ocrx_word' id='word_1_4' title='bbox 416 313 554 364; x_wconf 78' lang='lat' dir='ltr'>ORATIO</span> <span class='ocrx_word' id='word_1_5' title='bbox 574 314 645 365; x_wconf 81' lang='lat' dir='ltr'>PRO</span> <span class='ocrx_word' id='word_1_6' title='bbox 666 314 768 364; x_wconf 78' lang='lat' dir='ltr'>REGE</span> <span class='ocrx_word' id='word_1_7' title='bbox 791 314 988 378; x_wconf 80' lang='lat' dir='ltr'>DEIOTARO.</span> 
     </span>
    </p>
   </div>
   <div class='ocr_carea' id='block_1_2' title="bbox 123 457 1272 1969">
    <p class='ocr_par' dir='ltr' id='par_1_2' title="bbox 123 457 1272 1969">
     <span class='ocr_line' id='line_1_2' title="bbox 200 457 1199 541; baseline 0.005 -24"><span class='ocrx_word' id='word_1_8' title='bbox 200 462 384 519; x_wconf 88' lang='lat' dir='ltr'>vehementer</span> <span class='ocrx_word' id='word_1_9' title='bbox 403 458 544 528; x_wconf 85' lang='lat' dir='ltr'>offensos3</span> <span class='ocrx_word' id='word_1_10' title='bbox 564 458 663 535; x_wconf 88' lang='lat' dir='ltr'>plaudi</span> <span class='ocrx_word' id='word_1_11' title='bbox 681 457 734 515; x_wconf 92' lang='lat' dir='ltr'>tib1</span> <span class='ocrx_word' id='word_1_12' title='bbox 748 477 806 515; x_wconf 92' lang='lat' dir='ltr'>non</span> <span class='ocrx_word' id='word_1_13' title='bbox 820 457 921 516; x_wconf 87' lang='lat' dir='ltr'>solere.</span> <span class='ocrx_word' id='word_1_14' title='bbox 962 459 1032 518; x_wconf 92' lang='lat' dir='ltr'>Non</span> <span class='ocrx_word' id='word_1_15' title='bbox 1046 462 1199 541; x_wconf 82' lang='lat' dir='ltr'>intelligis,</span> 
     </span>
     <span class='ocr_line' id='line_1_3' title="bbox 200 536 1199 612; baseline 0.003 -13"><span class='ocrx_word' id='word_1_16' title='bbox 200 540 309 612; x_wconf 72' lang='lat' dir='ltr'>Caesar,</span> <span class='ocrx_word' id='word_1_17' title='bbox 320 560 355 599; x_wconf 76' lang='lat' dir='ltr'>ex</span> <span class='ocrx_word' id='word_1_18' title='bbox 369 538 488 596; x_wconf 88' lang='lat' dir='ltr'>urbanis</span> <span class='ocrx_word' id='word_1_19' title='bbox 501 536 705 595; x_wconf 75' lang='lat' dir='ltr'>malevolorum</span> <span class='ocrx_word' id='word_1_20' title='bbox 718 537 912 595; x_wconf 79' lang='lat' dir='ltr'><strong>sermunculis</strong></span> <span class='ocrx_word' id='word_1_21' title='bbox 926 538 989 596; x_wconf 70' lang='lat' dir='ltr'>baec</span> <span class='ocrx_word' id='word_1_22' title='bbox 1004 541 1041 596; x_wconf 86' lang='lat' dir='ltr'>ab</span> <span class='ocrx_word' id='word_1_23' title='bbox 1055 541 1117 599; x_wconf 86' lang='lat' dir='ltr'>istis</span> <span class='ocrx_word' id='word_1_24' title='bbox 1131 563 1199 602; x_wconf 86' lang='lat' dir='ltr'>esse</span> 
     </span>
     <span class='ocr_line' id='line_1_4' title="bbox 201 615 1199 692; baseline 0.004 -15"><span class='ocrx_word' id='word_1_25' title='bbox 201 620 342 683; x_wconf 76' lang='lat' dir='ltr'>collectnl</span> <span class='ocrx_word' id='word_1_26' title='bbox 376 616 538 676; x_wconf 81' lang='lat' dir='ltr'><strong>Blesamius</strong></span> <span class='ocrx_word' id='word_1_27' title='bbox 557 627 712 692; x_wconf 85' lang='lat' dir='ltr'>tyrannum</span> <span class='ocrx_word' id='word_1_28' title='bbox 733 615 881 674; x_wconf 81' lang='lat' dir='ltr'>Caesarem</span> <span class='ocrx_word' id='word_1_29' title='bbox 901 617 1063 679; x_wconf 84' lang='lat' dir='ltr'>scriberetl</span> <span class='ocrx_word' id='word_1_30' title='bbox 1092 622 1199 681; x_wconf 85' lang='lat' dir='ltr'>multo-</span> 
     </span>
     <span class='ocr_line' id='line_1_5' title="bbox 200 694 1197 772; baseline 0.002 -16"><span class='ocrx_word' id='word_1_31' title='bbox 200 717 265 757; x_wconf 92' lang='lat' dir='ltr'>rum</span> <span class='ocrx_word' id='word_1_32' title='bbox 278 699 357 756; x_wconf 91' lang='lat' dir='ltr'>enim</span> <span class='ocrx_word' id='word_1_33' title='bbox 370 696 477 755; x_wconf 81' lang='lat' dir='ltr'>civium</span> <span class='ocrx_word' id='word_1_34' title='bbox 491 694 588 771; x_wconf 89' lang='lat' dir='ltr'>capita</span> <span class='ocrx_word' id='word_1_35' title='bbox 600 695 730 765; x_wconf 81' lang='lat' dir='ltr'>viderat3</span> <span class='ocrx_word' id='word_1_36' title='bbox 751 694 858 753; x_wconf 87' lang='lat' dir='ltr'>multos</span> <span class='ocrx_word' id='word_1_37' title='bbox 874 695 958 772; x_wconf 86' lang='lat' dir='ltr'>jussu</span> <span class='ocrx_word' id='word_1_38' title='bbox 972 698 1098 757; x_wconf 77' lang='lat' dir='ltr'>Caesaris</span> <span class='ocrx_word' id='word_1_39' title='bbox 1111 719 1197 758; x_wconf 82' lang='lat' dir='ltr'>vexa·</span> 
     </span>
     <span class='ocr_line' id='line_1_6' title="bbox 168 772 1195 852; baseline -0.002 -13"><span class='ocrx_word' id='word_1_40' title='bbox 168 787 253 849; x_wconf 85' lang='lat' dir='ltr'>5tos,</span> <span class='ocrx_word' id='word_1_41' title='bbox 274 778 446 846; x_wconf 87' lang='lat' dir='ltr'>verberatos,</span> <span class='ocrx_word' id='word_1_42' title='bbox 467 784 602 844; x_wconf 88' lang='lat' dir='ltr'>necatos;</span> <span class='ocrx_word' id='word_1_43' title='bbox 623 772 730 831; x_wconf 89' lang='lat' dir='ltr'>multas</span> <span class='ocrx_word' id='word_1_44' title='bbox 750 774 873 833; x_wconf 88' lang='lat' dir='ltr'>afflictas</span> <span class='ocrx_word' id='word_1_45' title='bbox 893 784 923 833; x_wconf 91' lang='lat' dir='ltr'>et</span> <span class='ocrx_word' id='word_1_46' title='bbox 942 786 1057 835; x_wconf 84' lang='lat' dir='ltr'>eversas</span> <span class='ocrx_word' id='word_1_47' title='bbox 1077 778 1195 852; x_wconf 85' lang='lat' dir='ltr'>domos3</span> 
     </span>
     <span class='ocr_line' id='line_1_7' title="bbox 201 848 1196 932; baseline 0.002 -18"><span class='ocrx_word' id='word_1_48' title='bbox 201 856 319 914; x_wconf 86' lang='lat' dir='ltr'>armatis</span> <span class='ocrx_word' id='word_1_49' title='bbox 331 854 471 914; x_wconf 75' lang='lat' dir='ltr'>militibus</span> <span class='ocrx_word' id='word_1_50' title='bbox 483 852 621 911; x_wconf 81' lang='lat' dir='ltr'>refertum</span> <span class='ocrx_word' id='word_1_51' title='bbox 635 848 737 911; x_wconf 78' lang='lat' dir='ltr'>lorum.</span> <span class='ocrx_word' id='word_1_52' title='bbox 778 853 855 915; x_wconf 76' lang='lat' dir='ltr'>Quas</span> <span class='ocrx_word' id='word_1_53' title='bbox 872 873 985 932; x_wconf 83' lang='lat' dir='ltr'>semper</span> <span class='ocrx_word' id='word_1_54' title='bbox 999 856 1030 914; x_wconf 92' lang='lat' dir='ltr'>in</span> <span class='ocrx_word' id='word_1_55' title='bbox 1044 857 1122 915; x_wconf 88' lang='lat' dir='ltr'>civili</span> <span class='ocrx_word' id='word_1_56' title='bbox 1136 859 1196 917; x_wconf 87' lang='lat' dir='ltr'>vic·</span> 
     </span>
     <span class='ocr_line' id='line_1_8' title="bbox 200 931 1160 1009; baseline -0.005 -16"><span class='ocrx_word' id='word_1_57' title='bbox 200 935 273 993; x_wconf 71' lang='lat' dir='ltr'>toria</span> <span class='ocrx_word' id='word_1_58' title='bbox 286 935 438 1005; x_wconf 85' lang='lat' dir='ltr'>sensimus,</span> <span class='ocrx_word' id='word_1_59' title='bbox 448 952 498 1004; x_wconf 86' lang='lat' dir='ltr'>ea,</span> <span class='ocrx_word' id='word_1_60' title='bbox 508 942 542 991; x_wconf 88' lang='lat' dir='ltr'>te</span> <span class='ocrx_word' id='word_1_61' title='bbox 556 931 674 1009; x_wconf 82' lang='lat' dir='ltr'>victore,</span> <span class='ocrx_word' id='word_1_62' title='bbox 688 952 748 990; x_wconf 91' lang='lat' dir='ltr'>non</span> <span class='ocrx_word' id='word_1_63' title='bbox 761 932 893 991; x_wconf 87' lang='lat' dir='ltr'>vidimus.</span> <span class='ocrx_word' id='word_1_64' title='bbox 966 972 971 977; x_wconf 91' lang='lat'>-</span> <span class='ocrx_word' id='word_1_65' title='bbox 1158 990 1160 993; x_wconf 77' lang='grc'><strong>,</strong></span> 
     </span>
     <span class='ocr_line' id='line_1_9' title="bbox 240 1012 1195 1090; baseline 0.002 -17"><span class='ocrx_word' id='word_1_66' title='bbox 240 1015 335 1087; x_wconf 85' lang='lat' dir='ltr'>Solus,</span> <span class='ocrx_word' id='word_1_67' title='bbox 349 1014 476 1090; x_wconf 89' lang='lat' dir='ltr'>inquam,</span> <span class='ocrx_word' id='word_1_68' title='bbox 497 1032 539 1083; x_wconf 89' lang='lat' dir='ltr'>es,</span> <span class='ocrx_word' id='word_1_69' title='bbox 557 1012 613 1069; x_wconf 84' lang='lat' dir='ltr'>Cai</span> <span class='ocrx_word' id='word_1_70' title='bbox 633 1012 743 1083; x_wconf 85' lang='lat' dir='ltr'>Coesar,</span> <span class='ocrx_word' id='word_1_71' title='bbox 758 1012 842 1088; x_wconf 89' lang='lat' dir='ltr'>cujus</span> <span class='ocrx_word' id='word_1_72' title='bbox 862 1012 893 1070; x_wconf 90' lang='lat' dir='ltr'>in</span> <span class='ocrx_word' id='word_1_73' title='bbox 913 1013 1033 1071; x_wconf 68' lang='lat' dir='ltr'>victoria</span> <span class='ocrx_word' id='word_1_74' title='bbox 1054 1016 1195 1076; x_wconf 78' lang='lat' dir='ltr'>ceciderit</span> 
     </span>
     <span class='ocr_line' id='line_1_10' title="bbox 201 1090 1194 1172; baseline 0.001 -21"><span class='ocrx_word' id='word_1_75' title='bbox 201 1113 295 1166; x_wconf 90' lang='lat' dir='ltr'>nemo,</span> <span class='ocrx_word' id='word_1_76' title='bbox 309 1093 366 1152; x_wconf 91' lang='lat' dir='ltr'>nisi</span> <span class='ocrx_word' id='word_1_77' title='bbox 386 1103 521 1151; x_wconf 86' lang='lat' dir='ltr'>armatus.</span> <span class='ocrx_word' id='word_1_78' title='bbox 562 1090 611 1163; x_wconf 88' lang='lat' dir='ltr'>Et,</span> <span class='ocrx_word' id='word_1_79' title='bbox 625 1110 712 1167; x_wconf 91' lang='lat' dir='ltr'>quem</span> <span class='ocrx_word' id='word_1_80' title='bbox 731 1110 784 1150; x_wconf 90' lang='lat' dir='ltr'>nos</span> <span class='ocrx_word' id='word_1_81' title='bbox 803 1092 899 1164; x_wconf 88' lang='lat' dir='ltr'>liberi,</span> <span class='ocrx_word' id='word_1_82' title='bbox 914 1092 945 1150; x_wconf 88' lang='lat' dir='ltr'>in</span> <span class='ocrx_word' id='word_1_83' title='bbox 965 1094 1078 1150; x_wconf 80' lang='lat' dir='ltr'>summa</span> <span class='ocrx_word' id='word_1_84' title='bbox 1097 1097 1194 1172; x_wconf 90' lang='lat' dir='ltr'>populi</span> 
     </span>
     <span class='ocr_line' id='line_1_11' title="bbox 153 1169 1214 1247; baseline 0 -16"><span class='ocrx_word' id='word_1_85' title='bbox 153 1179 186 1232; x_wconf 91' lang='lat'>10</span> <span class='ocrx_word' id='word_1_86' title='bbox 201 1172 328 1231; x_wconf 87' lang='lat' dir='ltr'>Romani</span> <span class='ocrx_word' id='word_1_87' title='bbox 347 1172 480 1232; x_wconf 89' lang='lat' dir='ltr'>libertate</span> <span class='ocrx_word' id='word_1_88' title='bbox 499 1170 570 1243; x_wconf 86' lang='lat' dir='ltr'>nati,</span> <span class='ocrx_word' id='word_1_89' title='bbox 585 1190 644 1229; x_wconf 85' lang='lat' dir='ltr'>nou</span> <span class='ocrx_word' id='word_1_90' title='bbox 663 1169 749 1228; x_wconf 76' lang='lat' dir='ltr'>modo</span> <span class='ocrx_word' id='word_1_91' title='bbox 770 1190 829 1229; x_wconf 90' lang='lat' dir='ltr'>non</span> <span class='ocrx_word' id='word_1_92' title='bbox 849 1181 1015 1247; x_wconf 83' lang='lat' dir='ltr'>tyrannum,</span> <span class='ocrx_word' id='word_1_93' title='bbox 1034 1173 1085 1230; x_wconf 89' lang='lat' dir='ltr'>sed</span> <span class='ocrx_word' id='word_1_94' title='bbox 1104 1174 1214 1231; x_wconf 86' lang='lat' dir='ltr'>etiam‘</span> 
     </span>
     <span class='ocr_line' id='line_1_12' title="bbox 201 1250 1192 1327; baseline 0.002 -18"><span class='ocrx_word' id='word_1_95' title='bbox 201 1252 456 1309; x_wconf 57' lang='lat' dir='ltr'>clementissimum</span> <span class='ocrx_word' id='word_1_96' title='bbox 476 1251 507 1309; x_wconf 90' lang='lat' dir='ltr'>in</span> <span class='ocrx_word' id='word_1_97' title='bbox 527 1250 658 1321; x_wconf 66' lang='lat' dir='ltr'>victoriis,</span> <span class='ocrx_word' id='word_1_98' title='bbox 672 1250 823 1320; x_wconf 85' lang='lat' dir='ltr'>ducimus3</span> <span class='ocrx_word' id='word_1_99' title='bbox 845 1251 871 1308; x_wconf 89' lang='lat' dir='ltr'>is</span> <span class='ocrx_word' id='word_1_100' title='bbox 889 1251 1045 1323; x_wconf 81' lang='lat' dir='ltr'>Blesamio,</span> <span class='ocrx_word' id='word_1_101' title='bbox 1059 1252 1109 1327; x_wconf 90' lang='lat' dir='ltr'>qui</span> <span class='ocrx_word' id='word_1_102' title='bbox 1122 1254 1192 1311; x_wconf 84' lang='lat' dir='ltr'>vivit</span> 
     </span>
     <span class='ocr_line' id='line_1_13' title="bbox 123 1328 1207 1407; baseline 0.001 -18"><span class='ocrx_word' id='word_1_103' title='bbox 123 1382 127 1389; x_wconf 87' lang='lat'><strong>.</strong></span> <span class='ocrx_word' id='word_1_104' title='bbox 200 1331 232 1388; x_wconf 91' lang='lat' dir='ltr'>in</span> <span class='ocrx_word' id='word_1_105' title='bbox 245 1350 344 1407; x_wconf 83' lang='lat' dir='ltr'>regno,</span> <span class='ocrx_word' id='word_1_106' title='bbox 358 1340 497 1406; x_wconf 82' lang='lat' dir='ltr'>tyrannus</span> <span class='ocrx_word' id='word_1_107' title='bbox 509 1328 600 1387; x_wconf 83' lang='lat' dir='ltr'>rideri</span> <span class='ocrx_word' id='word_1_108' title='bbox 619 1330 732 1406; x_wconf 83' lang='lat' dir='ltr'>potestl</span> <span class='ocrx_word' id='word_1_109' title='bbox 767 1329 846 1387; x_wconf 89' lang='lat' dir='ltr'>Nam</span> <span class='ocrx_word' id='word_1_110' title='bbox 867 1330 904 1387; x_wconf 90' lang='lat' dir='ltr'>de</span> <span class='ocrx_word' id='word_1_111' title='bbox 924 1330 1020 1388; x_wconf 79' lang='lat' dir='ltr'>statut</span> <span class='ocrx_word' id='word_1_112' title='bbox 1040 1331 1105 1405; x_wconf 91' lang='lat' dir='ltr'>quis</span> <span class='ocrx_word' id='word_1_113' title='bbox 1125 1342 1207 1407; x_wconf 78' lang='lat' dir='ltr'>que·&#39;</span> 
     </span>
     <span class='ocr_line' id='line_1_14' title="bbox 200 1405 1192 1485; baseline 0.002 -18"><span class='ocrx_word' id='word_1_114' title='bbox 200 1411 282 1480; x_wconf 90' lang='lat' dir='ltr'>ritur,</span> <span class='ocrx_word' id='word_1_115' title='bbox 297 1410 356 1469; x_wconf 81' lang='lat' dir='ltr'>unt</span> <span class='ocrx_word' id='word_1_116' title='bbox 374 1408 542 1485; x_wconf 72' lang='lat' dir='ltr'>presertim,</span> <span class='ocrx_word' id='word_1_117' title='bbox 557 1405 625 1467; x_wconf 76' lang='lat' dir='ltr'>ciam</span> <span class='ocrx_word' id='word_1_118' title='bbox 647 1418 707 1465; x_wconf 89' lang='lat' dir='ltr'>tam</span> <span class='ocrx_word' id='word_1_119' title='bbox 725 1408 831 1466; x_wconf 79' lang='lat' dir='ltr'>multas</span> <span class='ocrx_word' id='word_1_120' title='bbox 852 1408 971 1484; x_wconf 83' lang='lat' dir='ltr'>videatl</span> <span class='ocrx_word' id='word_1_121' title='bbox 1004 1409 1099 1467; x_wconf 76' lang='lat' dir='ltr'>Valde</span> <span class='ocrx_word' id='word_1_122' title='bbox 1114 1411 1192 1470; x_wconf 92' lang='lat' dir='ltr'>enim</span> 
     </span>
     <span class='ocr_line' id='line_1_15' title="bbox 201 1487 1190 1565; baseline 0.002 -19"><span class='ocrx_word' id='word_1_123' title='bbox 201 1489 388 1547; x_wconf 81' lang='lat' dir='ltr'>invidendum</span> <span class='ocrx_word' id='word_1_124' title='bbox 414 1497 458 1545; x_wconf 89' lang='lat' dir='ltr'>est</span> <span class='ocrx_word' id='word_1_125' title='bbox 484 1488 546 1563; x_wconf 88' lang='lat' dir='ltr'>ejus</span> <span class='ocrx_word' id='word_1_126' title='bbox 572 1487 685 1557; x_wconf 85' lang='lat' dir='ltr'>statuis,</span> <span class='ocrx_word' id='word_1_127' title='bbox 707 1487 790 1562; x_wconf 81' lang='lat' dir='ltr'>cujus</span> <span class='ocrx_word' id='word_1_128' title='bbox 810 1488 924 1565; x_wconf 84' lang='lat' dir='ltr'>tropaeis</span> <span class='ocrx_word' id='word_1_129' title='bbox 943 1508 1002 1547; x_wconf 87' lang='lat' dir='ltr'>non</span> <span class='ocrx_word' id='word_1_130' title='bbox 1022 1488 1190 1549; x_wconf 86' lang='lat' dir='ltr'>invidemus.</span> 
     </span>
     <span class='ocr_line' id='line_1_16' title="bbox 152 1565 1192 1638; baseline 0 -13"><span class='ocrx_word' id='word_1_131' title='bbox 152 1571 186 1625; x_wconf 89' lang='lat'>15</span> <span class='ocrx_word' id='word_1_132' title='bbox 200 1567 289 1638; x_wconf 86' lang='lat' dir='ltr'>Nam,</span> <span class='ocrx_word' id='word_1_133' title='bbox 311 1569 335 1625; x_wconf 91' lang='lat' dir='ltr'>si</span> <span class='ocrx_word' id='word_1_134' title='bbox 355 1569 436 1626; x_wconf 91' lang='lat' dir='ltr'>locus</span> <span class='ocrx_word' id='word_1_135' title='bbox 457 1567 539 1624; x_wconf 85' lang='lat' dir='ltr'>affert</span> <span class='ocrx_word' id='word_1_136' title='bbox 560 1565 709 1635; x_wconf 88' lang='lat' dir='ltr'>invidiam,</span> <span class='ocrx_word' id='word_1_137' title='bbox 723 1565 820 1622; x_wconf 88' lang='lat' dir='ltr'>nullus</span> <span class='ocrx_word' id='word_1_138' title='bbox 839 1566 921 1625; x_wconf 90' lang='lat' dir='ltr'>locus</span> <span class='ocrx_word' id='word_1_139' title='bbox 941 1579 995 1638; x_wconf 89' lang='lat' dir='ltr'>est,</span> <span class='ocrx_word' id='word_1_140' title='bbox 1018 1567 1054 1625; x_wconf 88' lang='lat' dir='ltr'>ad</span> <span class='ocrx_word' id='word_1_141' title='bbox 1068 1579 1192 1625; x_wconf 88' lang='lat' dir='ltr'>statuam</span> 
     </span>
     <span class='ocr_line' id='line_1_17' title="bbox 201 1644 1272 1724; baseline -0.001 -19"><span class='ocrx_word' id='word_1_142' title='bbox 201 1649 328 1724; x_wconf 87' lang='lat' dir='ltr'>quidem,</span> <span class='ocrx_word' id='word_1_143' title='bbox 339 1647 454 1706; x_wconf 86' lang='lat' dir='ltr'>Rostris</span> <span class='ocrx_word' id='word_1_144' title='bbox 467 1645 579 1703; x_wconf 88' lang='lat' dir='ltr'>clarior.</span> <span class='ocrx_word' id='word_1_145' title='bbox 614 1644 660 1702; x_wconf 87' lang='lat' dir='ltr'>De</span> <span class='ocrx_word' id='word_1_146' title='bbox 673 1644 776 1721; x_wconf 89' lang='lat' dir='ltr'>plausu</span> <span class='ocrx_word' id='word_1_147' title='bbox 791 1654 889 1702; x_wconf 90' lang='lat' dir='ltr'>autem</span> <span class='ocrx_word' id='word_1_148' title='bbox 902 1647 972 1721; x_wconf 93' lang='lat' dir='ltr'>quid</span> <span class='ocrx_word' id='word_1_149' title='bbox 985 1647 1192 1723; x_wconf 83' lang='lat' dir='ltr'>respondeaml</span> <span class='ocrx_word' id='word_1_150' title='bbox 1270 1658 1272 1661; x_wconf 82' lang='lat'>&#39;</span> 
     </span>
     <span class='ocr_line' id='line_1_18' title="bbox 200 1726 1221 1803; baseline -0.001 -20"><span class='ocrx_word' id='word_1_151' title='bbox 200 1728 249 1803; x_wconf 89' lang='lat' dir='ltr'>qui</span> <span class='ocrx_word' id='word_1_152' title='bbox 269 1746 327 1785; x_wconf 91' lang='lat' dir='ltr'>nec</span> <span class='ocrx_word' id='word_1_153' title='bbox 346 1726 525 1784; x_wconf 86' lang='lat' dir='ltr'>desideratus</span> <span class='ocrx_word' id='word_1_154' title='bbox 541 1742 669 1800; x_wconf 87' lang='lat' dir='ltr'>uuquam</span> <span class='ocrx_word' id='word_1_155' title='bbox 683 1734 743 1781; x_wconf 86' lang='lat' dir='ltr'>ate</span> <span class='ocrx_word' id='word_1_156' title='bbox 756 1733 810 1794; x_wconf 89' lang='lat' dir='ltr'>est,</span> <span class='ocrx_word' id='word_1_157' title='bbox 824 1734 853 1781; x_wconf 88' lang='lat' dir='ltr'>et</span> <span class='ocrx_word' id='word_1_158' title='bbox 867 1742 1088 1801; x_wconf 80' lang='lat' dir='ltr'>nonnunquam,</span> <span class='ocrx_word' id='word_1_159' title='bbox 1098 1727 1193 1785; x_wconf 90' lang='lat' dir='ltr'>obstu·</span> <span class='ocrx_word' id='word_1_160' title='bbox 1217 1746 1221 1771; x_wconf 62' lang='grc' dir='ltr'>ἰ</span> 
     </span>
     <span class='ocr_line' id='line_1_19' title="bbox 199 1802 1224 1883; baseline -0.001 -19"><span class='ocrx_word' id='word_1_161' title='bbox 199 1805 322 1883; x_wconf 79' lang='lat' dir='ltr'>pefectis</span> <span class='ocrx_word' id='word_1_162' title='bbox 335 1805 508 1876; x_wconf 90' lang='lat' dir='ltr'>hominibus,</span> <span class='ocrx_word' id='word_1_163' title='bbox 522 1802 585 1879; x_wconf 70' lang='lat' dir='ltr'>ipsa</span> <span class='ocrx_word' id='word_1_164' title='bbox 606 1802 796 1879; x_wconf 72' lang='lat' dir='ltr'>admiratione</span> <span class='ocrx_word' id='word_1_165' title='bbox 816 1821 998 1880; x_wconf 81' lang='lat' dir='ltr'>compressus</span> <span class='ocrx_word' id='word_1_166' title='bbox 1017 1814 1075 1876; x_wconf 86' lang='lat' dir='ltr'>est;</span> <span class='ocrx_word' id='word_1_167' title='bbox 1097 1815 1126 1863; x_wconf 91' lang='lat' dir='ltr'>et</span> <span class='ocrx_word' id='word_1_168' title='bbox 1139 1806 1194 1864; x_wconf 84' lang='lat' dir='ltr'>ior·</span> <span class='ocrx_word' id='word_1_169' title='bbox 1218 1837 1224 1852; x_wconf 42' lang='lat' dir='ltr'>t</span> 
     </span>
     <span class='ocr_line' id='line_1_20' title="bbox 200 1881 1192 1969; baseline -0.001 -26"><span class='ocrx_word' id='word_1_170' title='bbox 200 1895 276 1943; x_wconf 86' lang='lat' dir='ltr'>tasse</span> <span class='ocrx_word' id='word_1_171' title='bbox 296 1883 332 1943; x_wconf 79' lang='lat' dir='ltr'>eb</span> <span class='ocrx_word' id='word_1_172' title='bbox 352 1883 568 1962; x_wconf 72' lang='lat' dir='ltr'>pretermissas,</span> <span class='ocrx_word' id='word_1_173' title='bbox 589 1883 658 1959; x_wconf 87' lang='lat' dir='ltr'>quia</span> <span class='ocrx_word' id='word_1_174' title='bbox 677 1882 751 1940; x_wconf 89' lang='lat' dir='ltr'>nihil</span> <span class='ocrx_word' id='word_1_175' title='bbox 774 1881 893 1959; x_wconf 85' lang='lat' dir='ltr'>vulgare</span> <span class='ocrx_word' id='word_1_176' title='bbox 913 1893 942 1941; x_wconf 89' lang='lat' dir='ltr'>te</span> <span class='ocrx_word' id='word_1_177' title='bbox 962 1883 1082 1960; x_wconf 84' lang='lat' dir='ltr'>dignum</span> <span class='ocrx_word' id='word_1_178' title='bbox 1102 1884 1192 1969; x_wconf 83' lang='lat' dir='ltr'>videri</span> 
     </span>
    </p>
   </div>
   <div class='ocr_carea' id='block_1_3' title="bbox 149 2118 1279 3934">
    <p class='ocr_par' dir='ltr' id='par_1_3' title="bbox 149 2118 1279 3934">
     <span class='ocr_line' id='line_1_21' title="bbox 200 2118 1194 2197; baseline -0.004 -16"><span class='ocrx_word' id='word_1_179' title='bbox 200 2134 359 2181; x_wconf 82' lang='lat' dir='ltr'>extremam</span> <span class='ocrx_word' id='word_1_180' title='bbox 381 2141 475 2180; x_wconf 69' lang='lat' dir='ltr'>causae</span> <span class='ocrx_word' id='word_1_181' title='bbox 495 2131 606 2197; x_wconf 88' lang='lat' dir='ltr'>partem</span> <span class='ocrx_word' id='word_1_182' title='bbox 626 2129 813 2178; x_wconf 74' lang='lat' dir='ltr'>reservatum,</span> <span class='ocrx_word' id='word_1_183' title='bbox 854 2119 890 2177; x_wconf 89' lang='lat' dir='ltr'>ld</span> <span class='ocrx_word' id='word_1_184' title='bbox 905 2129 1000 2177; x_wconf 87' lang='lat' dir='ltr'>autem</span> <span class='ocrx_word' id='word_1_185' title='bbox 1015 2118 1123 2193; x_wconf 88' lang='lat' dir='ltr'>aliquid</span> <span class='ocrx_word' id='word_1_186' title='bbox 1136 2129 1194 2191; x_wconf 91' lang='lat' dir='ltr'>est,</span> 
     </span>
     <span class='ocr_line' id='line_1_22' title="bbox 202 2197 1192 2279; baseline -0.006 -19"><span class='ocrx_word' id='word_1_187' title='bbox 202 2212 231 2259; x_wconf 86' lang='lat' dir='ltr'>te</span> <span class='ocrx_word' id='word_1_188' title='bbox 245 2213 277 2259; x_wconf 91' lang='lat' dir='ltr'>ut</span> <span class='ocrx_word' id='word_1_189' title='bbox 289 2201 376 2279; x_wconf 77' lang='lat' dir='ltr'>&#39;plane</span> <span class='ocrx_word' id='word_1_190' title='bbox 390 2200 528 2259; x_wconf 87' lang='lat' dir='ltr'>Deiotaro</span> <span class='ocrx_word' id='word_1_191' title='bbox 547 2199 717 2258; x_wconf 88' lang='lat' dir='ltr'>reconciliet</span> <span class='ocrx_word' id='word_1_192' title='bbox 734 2198 826 2258; x_wconf 88' lang='lat' dir='ltr'>oratio</span> <span class='ocrx_word' id='word_1_193' title='bbox 838 2218 912 2257; x_wconf 83' lang='lat' dir='ltr'>mea</span> <span class='ocrx_word' id='word_1_194' title='bbox 953 2197 1023 2256; x_wconf 92' lang='lat' dir='ltr'>Non</span> <span class='ocrx_word' id='word_1_195' title='bbox 1036 2197 1113 2255; x_wconf 87' lang='lat' dir='ltr'>enim</span> <span class='ocrx_word' id='word_1_196' title='bbox 1131 2198 1192 2273; x_wconf 85' lang='lat' dir='ltr'>jam</span> 
     </span>
     <span class='ocr_line' id='line_1_23' title="bbox 202 2277 1193 2353; baseline -0.004 -15"><span class='ocrx_word' id='word_1_197' title='bbox 202 2291 308 2353; x_wconf 87' lang='lat' dir='ltr'>metuo,</span> <span class='ocrx_word' id='word_1_198' title='bbox 323 2301 361 2340; x_wconf 90' lang='lat' dir='ltr'>ne</span> <span class='ocrx_word' id='word_1_199' title='bbox 380 2291 412 2338; x_wconf 89' lang='lat' dir='ltr'>tu</span> <span class='ocrx_word' id='word_1_200' title='bbox 432 2280 474 2337; x_wconf 93' lang='lat' dir='ltr'>illi</span> <span class='ocrx_word' id='word_1_201' title='bbox 495 2298 686 2338; x_wconf 86' lang='lat' dir='ltr'>succenseas:</span> <span class='ocrx_word' id='word_1_202' title='bbox 707 2278 779 2336; x_wconf 92' lang='lat' dir='ltr'>illud</span> <span class='ocrx_word' id='word_1_203' title='bbox 793 2297 902 2349; x_wconf 83' lang='lat' dir='ltr'>vereor,</span> <span class='ocrx_word' id='word_1_204' title='bbox 916 2277 1021 2350; x_wconf 83' lang='lat' dir='ltr'>netibi</span> <span class='ocrx_word' id='word_1_205' title='bbox 1034 2277 1115 2334; x_wconf 89' lang='lat' dir='ltr'>illum</span> <span class='ocrx_word' id='word_1_206' title='bbox 1128 2295 1193 2334; x_wconf 88' lang='lat' dir='ltr'>suo·</span> 
     </span>
     <span class='ocr_line' id='line_1_24' title="bbox 151 2355 1262 2435; baseline -0.005 -16"><span class='ocrx_word' id='word_1_207' title='bbox 151 2364 186 2419; x_wconf 78' lang='lat'>25</span> <span class='ocrx_word' id='word_1_208' title='bbox 202 2379 322 2418; x_wconf 89' lang='lat' dir='ltr'>censere</span> <span class='ocrx_word' id='word_1_209' title='bbox 333 2359 441 2434; x_wconf 87' lang='lat' dir='ltr'>aliquid</span> <span class='ocrx_word' id='word_1_210' title='bbox 455 2358 618 2435; x_wconf 84' lang='lat' dir='ltr'>suspicere:</span> <span class='ocrx_word' id='word_1_211' title='bbox 638 2358 716 2434; x_wconf 90' lang='lat' dir='ltr'>quod</span> <span class='ocrx_word' id='word_1_212' title='bbox 730 2358 811 2416; x_wconf 91' lang='lat' dir='ltr'>abest</span> <span class='ocrx_word' id='word_1_213' title='bbox 823 2355 1001 2434; x_wconf 75' lang='lat' dir='ltr'>longissime,</span> <span class='ocrx_word' id='word_1_214' title='bbox 1010 2356 1082 2414; x_wconf 87' lang='lat' dir='ltr'>mibi</span> <span class='ocrx_word' id='word_1_215' title='bbox 1095 2356 1205 2427; x_wconf 73' lang='lat' dir='ltr'>crede,</span> <span class='ocrx_word' id='word_1_216' title='bbox 1259 2364 1262 2365; x_wconf 71' lang='grc'>’</span> 
     </span>
     <span class='ocr_line' id='line_1_25' title="bbox 202 2434 1192 2514; baseline -0.003 -19"><span class='ocrx_word' id='word_1_217' title='bbox 202 2439 310 2496; x_wconf 81' lang='lat' dir='ltr'>Caesar.</span> <span class='ocrx_word' id='word_1_218' title='bbox 350 2436 435 2498; x_wconf 80' lang='lat' dir='ltr'>Quid</span> <span class='ocrx_word' id='word_1_219' title='bbox 462 2438 541 2495; x_wconf 87' lang='lat' dir='ltr'>enim</span> <span class='ocrx_word' id='word_1_220' title='bbox 569 2437 692 2495; x_wconf 88' lang='lat' dir='ltr'>retineat</span> <span class='ocrx_word' id='word_1_221' title='bbox 719 2458 771 2514; x_wconf 86' lang='lat' dir='ltr'>per</span> <span class='ocrx_word' id='word_1_222' title='bbox 799 2448 838 2509; x_wconf 87' lang='lat' dir='ltr'>te,</span> <span class='ocrx_word' id='word_1_223' title='bbox 866 2435 1009 2506; x_wconf 90' lang='lat' dir='ltr'>meminit,</span> <span class='ocrx_word' id='word_1_224' title='bbox 1037 2455 1095 2493; x_wconf 89' lang='lat' dir='ltr'>non</span> <span class='ocrx_word' id='word_1_225' title='bbox 1110 2434 1192 2511; x_wconf 79' lang='lat' dir='ltr'>&#39;quid</span> 
     </span>
     <span class='ocr_line' id='line_1_26' title="bbox 161 2511 1193 2589; baseline 0 -17"><span class='ocrx_word' id='word_1_226' title='bbox 161 2527 164 2530; x_wconf 80' lang='grc'><strong><em>’</em></strong></span> <span class='ocrx_word' id='word_1_227' title='bbox 203 2516 348 2573; x_wconf 88' lang='lat' dir='ltr'>amiserit:</span> <span class='ocrx_word' id='word_1_228' title='bbox 369 2533 463 2589; x_wconf 89' lang='lat' dir='ltr'>neque</span> <span class='ocrx_word' id='word_1_229' title='bbox 483 2535 515 2573; x_wconf 91' lang='lat' dir='ltr'>se</span> <span class='ocrx_word' id='word_1_230' title='bbox 536 2533 554 2572; x_wconf 93' lang='lat' dir='ltr'>a</span> <span class='ocrx_word' id='word_1_231' title='bbox 573 2524 602 2573; x_wconf 91' lang='lat' dir='ltr'>te</span> <span class='ocrx_word' id='word_1_232' title='bbox 622 2515 775 2574; x_wconf 88' lang='lat' dir='ltr'>multatum</span> <span class='ocrx_word' id='word_1_233' title='bbox 797 2515 966 2585; x_wconf 60' lang='lat' dir='ltr'>arbitratum</span> <span class='ocrx_word' id='word_1_234' title='bbox 988 2514 1049 2586; x_wconf 87' lang='lat' dir='ltr'>sed,</span> <span class='ocrx_word' id='word_1_235' title='bbox 1064 2511 1133 2572; x_wconf 77' lang='lat' dir='ltr'>clim</span> <span class='ocrx_word' id='word_1_236' title='bbox 1146 2533 1193 2572; x_wconf 86' lang='lat' dir='ltr'>ex·</span> 
     </span>
     <span class='ocr_line' id='line_1_27' title="bbox 202 2593 1191 2670; baseline -0.003 -18"><span class='ocrx_word' id='word_1_237' title='bbox 202 2594 351 2664; x_wconf 88' lang='lat' dir='ltr'>istimaret‚</span> <span class='ocrx_word' id='word_1_238' title='bbox 372 2594 470 2655; x_wconf 90' lang='lat' dir='ltr'>multis</span> <span class='ocrx_word' id='word_1_239' title='bbox 492 2594 545 2652; x_wconf 92' lang='lat' dir='ltr'>tibi</span> <span class='ocrx_word' id='word_1_240' title='bbox 568 2594 659 2652; x_wconf 85' lang='lat' dir='ltr'>multa</span> <span class='ocrx_word' id='word_1_241' title='bbox 679 2614 743 2653; x_wconf 87' lang='lat' dir='ltr'>esse</span> <span class='ocrx_word' id='word_1_242' title='bbox 763 2596 926 2667; x_wconf 89' lang='lat' dir='ltr'>tribuenda,</span> <span class='ocrx_word' id='word_1_243' title='bbox 940 2593 1094 2670; x_wconf 86' lang='lat' dir='ltr'>quominus</span> <span class='ocrx_word' id='word_1_244' title='bbox 1115 2612 1191 2662; x_wconf 89' lang='lat' dir='ltr'>ase,</span> 
     </span>
     <span class='ocr_line' id='line_1_28' title="bbox 202 2672 1193 2749; baseline -0.001 -20"><span class='ocrx_word' id='word_1_245' title='bbox 202 2673 251 2749; x_wconf 92' lang='lat' dir='ltr'>qui</span> <span class='ocrx_word' id='word_1_246' title='bbox 272 2672 302 2730; x_wconf 92' lang='lat' dir='ltr'>in</span> <span class='ocrx_word' id='word_1_247' title='bbox 324 2672 413 2730; x_wconf 75' lang='lat' dir='ltr'>alteri</span> <span class='ocrx_word' id='word_1_248' title='bbox 432 2683 513 2748; x_wconf 87' lang='lat' dir='ltr'>parte</span> <span class='ocrx_word' id='word_1_249' title='bbox 534 2673 643 2744; x_wconf 88' lang='lat' dir='ltr'>fuisset,</span> <span class='ocrx_word' id='word_1_250' title='bbox 658 2693 694 2731; x_wconf 87' lang='lat' dir='ltr'>ea</span> <span class='ocrx_word' id='word_1_251' title='bbox 709 2693 846 2745; x_wconf 88' lang='lat' dir='ltr'>sumeres,</span> <span class='ocrx_word' id='word_1_252' title='bbox 861 2694 919 2732; x_wconf 91' lang='lat' dir='ltr'>non</span> <span class='ocrx_word' id='word_1_253' title='bbox 933 2672 1084 2732; x_wconf 85' lang='lat' dir='ltr'>recusavit.</span> <span class='ocrx_word' id='word_1_254' title='bbox 1126 2672 1193 2728; x_wconf 86' lang='lat' dir='ltr'>Ete-</span> 
     </span>
     <span class='ocr_line' id='line_1_29' title="bbox 150 2747 1191 2832; baseline -0.004 -22"><span class='ocrx_word' id='word_1_255' title='bbox 150 2762 186 2817; x_wconf 76' lang='lat'>30</span> <span class='ocrx_word' id='word_1_256' title='bbox 201 2753 272 2823; x_wconf 87' lang='lat' dir='ltr'>nim,</span> <span class='ocrx_word' id='word_1_257' title='bbox 287 2752 311 2809; x_wconf 88' lang='lat' dir='ltr'>si</span> <span class='ocrx_word' id='word_1_258' title='bbox 332 2751 497 2809; x_wconf 88' lang='lat' dir='ltr'>Antiochus</span> <span class='ocrx_word' id='word_1_259' title='bbox 517 2750 645 2827; x_wconf 76' lang='lat' dir='ltr'>Magnus</span> <span class='ocrx_word' id='word_1_260' title='bbox 658 2752 717 2824; x_wconf 88' lang='lat' dir='ltr'>ille,</span> <span class='ocrx_word' id='word_1_261' title='bbox 731 2773 783 2810; x_wconf 77' lang='lat' dir='ltr'>rex</span> <span class='ocrx_word' id='word_1_262' title='bbox 796 2754 888 2832; x_wconf 80' lang='lat' dir='ltr'>Asiae,</span> <span class='ocrx_word' id='word_1_263' title='bbox 901 2751 979 2823; x_wconf 78' lang='lat' dir='ltr'>cum,</span> <span class='ocrx_word' id='word_1_264' title='bbox 993 2761 1092 2828; x_wconf 87' lang='lat' dir='ltr'>postea</span> <span class='ocrx_word' id='word_1_265' title='bbox 1105 2747 1191 2826; x_wconf 70' lang='lat' dir='ltr'>quim</span> 
     </span>
     <span class='ocr_line' id='line_1_30' title="bbox 194 2830 1193 2908; baseline -0.005 -18"><span class='ocrx_word' id='word_1_266' title='bbox 194 2844 220 2890; x_wconf 71' lang='lat' dir='ltr'>‘a</span> <span class='ocrx_word' id='word_1_267' title='bbox 241 2832 376 2908; x_wconf 85' lang='lat' dir='ltr'>Scipione</span> <span class='ocrx_word' id='word_1_268' title='bbox 397 2830 538 2901; x_wconf 86' lang='lat' dir='ltr'>devictus,</span> <span class='ocrx_word' id='word_1_269' title='bbox 553 2830 653 2888; x_wconf 89' lang='lat' dir='ltr'>Tauro</span> <span class='ocrx_word' id='word_1_270' title='bbox 673 2842 759 2889; x_wconf 89' lang='lat' dir='ltr'>tenus</span> <span class='ocrx_word' id='word_1_271' title='bbox 778 2851 901 2907; x_wconf 83' lang='lat' dir='ltr'>regnare</span> <span class='ocrx_word' id='word_1_272' title='bbox 918 2831 1015 2907; x_wconf 84' lang='lat' dir='ltr'>jussus</span> <span class='ocrx_word' id='word_1_273' title='bbox 1035 2840 1193 2901; x_wconf 88' lang='lat' dir='ltr'>esset,.om-</span> 
     </span>
     <span class='ocr_line' id='line_1_31' title="bbox 201 2908 1193 2987; baseline -0.005 -18"><span class='ocrx_word' id='word_1_274' title='bbox 201 2930 325 2987; x_wconf 90' lang='lat' dir='ltr'>nemque</span> <span class='ocrx_word' id='word_1_275' title='bbox 339 2912 416 2968; x_wconf 91' lang='lat' dir='ltr'>hanc</span> <span class='ocrx_word' id='word_1_276' title='bbox 429 2910 542 2980; x_wconf 85' lang='lat' dir='ltr'>Asiam,</span> <span class='ocrx_word' id='word_1_277' title='bbox 557 2927 620 2984; x_wconf 80' lang='lat' dir='ltr'>qum</span> <span class='ocrx_word' id='word_1_278' title='bbox 642 2921 686 2967; x_wconf 89' lang='lat' dir='ltr'>est</span> <span class='ocrx_word' id='word_1_279' title='bbox 705 2929 785 2968; x_wconf 91' lang='lat' dir='ltr'>nunc</span> <span class='ocrx_word' id='word_1_280' title='bbox 803 2920 901 2981; x_wconf 88' lang='lat' dir='ltr'>nostra</span> <span class='ocrx_word' id='word_1_281' title='bbox 913 2910 1070 2986; x_wconf 83' lang='lat' dir='ltr'>provincia,</span> <span class='ocrx_word' id='word_1_282' title='bbox 1085 2908 1193 2966; x_wconf 89' lang='lat' dir='ltr'>amisis-</span> 
     </span>
     <span class='ocr_line' id='line_1_32' title="bbox 202 2978 1193 3066; baseline -0.004 -17"><span class='ocrx_word' id='word_1_283' title='bbox 202 3001 255 3063; x_wconf 89' lang='lat' dir='ltr'>set,</span> <span class='ocrx_word' id='word_1_284' title='bbox 270 2990 368 3048; x_wconf 91' lang='lat' dir='ltr'>dicere</span> <span class='ocrx_word' id='word_1_285' title='bbox 390 2999 434 3048; x_wconf 87' lang='lat' dir='ltr'>est</span> <span class='ocrx_word' id='word_1_286' title='bbox 455 2978 711 3066; x_wconf 60' lang='lat' dir='ltr'>solitus,&#39;Benip}ne</span> <span class='ocrx_word' id='word_1_287' title='bbox 734 2989 789 3046; x_wconf 89' lang='lat' dir='ltr'>sibi</span> <span class='ocrx_word' id='word_1_288' title='bbox 813 3008 830 3046; x_wconf 90' lang='lat' dir='ltr'>a</span> <span class='ocrx_word' id='word_1_289' title='bbox 850 2990 954 3066; x_wconf 90' lang='lat' dir='ltr'>populo</span> <span class='ocrx_word' id='word_1_290' title='bbox 975 2990 1110 3047; x_wconf 86' lang='lat' dir='ltr'>Romano</span> <span class='ocrx_word' id='word_1_291' title='bbox 1131 3006 1193 3055; x_wconf 82' lang='lat' dir='ltr'>esse</span> 
     </span>
     <span class='ocr_line' id='line_1_33' title="bbox 203 3065 1193 3146; baseline -0.008 -17"><span class='ocrx_word' id='word_1_292' title='bbox 203 3072 321 3142; x_wconf 82' lang='lat' dir='ltr'>sactum,</span> <span class='ocrx_word' id='word_1_293' title='bbox 339 3067 427 3146; x_wconf 76' lang='lat' dir='ltr'>quod,</span> <span class='ocrx_word' id='word_1_294' title='bbox 442 3068 529 3132; x_wconf 86' lang='lat' dir='ltr'>nimis</span> <span class='ocrx_word' id='word_1_295' title='bbox 550 3068 656 3144; x_wconf 71' lang='lat' dir='ltr'>magni</span> <span class='ocrx_word' id='word_1_296' title='bbox 677 3068 879 3145; x_wconf 87' lang='lat' dir='ltr'>procuratione</span> <span class='ocrx_word' id='word_1_297' title='bbox 900 3069 1048 3139; x_wconf 89' lang='lat' dir='ltr'>liberatus,</span> <span class='ocrx_word' id='word_1_298' title='bbox 1072 3065 1193 3143; x_wconf 88' lang='lat' dir='ltr'>modicis</span> 
     </span>
     <span class='ocr_line' id='line_1_34' title="bbox 149 3145 1194 3231; baseline -0.01 -21"><span class='ocrx_word' id='word_1_299' title='bbox 149 3157 185 3210; x_wconf 76' lang='lat'>35</span> <span class='ocrx_word' id='word_1_300' title='bbox 202 3151 284 3229; x_wconf 87' lang='lat' dir='ltr'>regni</span> <span class='ocrx_word' id='word_1_301' title='bbox 304 3149 436 3208; x_wconf 89' lang='lat' dir='ltr'>terminis</span> <span class='ocrx_word' id='word_1_302' title='bbox 455 3158 600 3231; x_wconf 81' lang='lat' dir='ltr'>uteretur;</span> <span class='ocrx_word' id='word_1_303' title='bbox 628 3158 722 3225; x_wconf 93' lang='lat' dir='ltr'>potest</span> <span class='ocrx_word' id='word_1_304' title='bbox 741 3147 831 3207; x_wconf 76' lang='lat' dir='ltr'>multo</span> <span class='ocrx_word' id='word_1_305' title='bbox 853 3145 970 3205; x_wconf 80' lang='lat' dir='ltr'>faciliirs</span> <span class='ocrx_word' id='word_1_306' title='bbox 990 3168 1020 3204; x_wconf 89' lang='lat' dir='ltr'>se</span> <span class='ocrx_word' id='word_1_307' title='bbox 1041 3146 1194 3203; x_wconf 83' lang='lat' dir='ltr'>Deiotarus</span> 
     </span>
     <span class='ocr_line' id='line_1_35' title="bbox 203 3222 1194 3299; baseline -0.01 -11"><span class='ocrx_word' id='word_1_308' title='bbox 203 3231 352 3289; x_wconf 88' lang='lat' dir='ltr'>consolari.</span> <span class='ocrx_word' id='word_1_309' title='bbox 394 3229 449 3299; x_wconf 91' lang='lat' dir='ltr'>Ille</span> <span class='ocrx_word' id='word_1_310' title='bbox 463 3229 541 3287; x_wconf 86' lang='lat' dir='ltr'>enirn</span> <span class='ocrx_word' id='word_1_311' title='bbox 555 3228 659 3287; x_wconf 87' lang='lat' dir='ltr'>furoris</span> <span class='ocrx_word' id='word_1_312' title='bbox 679 3230 798 3287; x_wconf 90' lang='lat' dir='ltr'>multam</span> <span class='ocrx_word' id='word_1_313' title='bbox 819 3227 1005 3296; x_wconf 80' lang='lat' dir='ltr'>sustinuerat,</span> <span class='ocrx_word' id='word_1_314' title='bbox 1020 3225 1069 3283; x_wconf 89' lang='lat' dir='ltr'>hio</span> <span class='ocrx_word' id='word_1_315' title='bbox 1083 3222 1194 3282; x_wconf 88' lang='lat' dir='ltr'>erroris.</span> 
     </span>
     <span class='ocr_line' id='line_1_36' title="bbox 202 3303 1198 3380; baseline -0.008 -14"><span class='ocrx_word' id='word_1_316' title='bbox 202 3308 312 3366; x_wconf 89' lang='lat' dir='ltr'>Omnia</span> <span class='ocrx_word' id='word_1_317' title='bbox 332 3317 364 3365; x_wconf 92' lang='lat' dir='ltr'>tu</span> <span class='ocrx_word' id='word_1_318' title='bbox 385 3308 532 3380; x_wconf 87' lang='lat' dir='ltr'>Deiotaro,</span> <span class='ocrx_word' id='word_1_319' title='bbox 547 3308 657 3379; x_wconf 82' lang='lat' dir='ltr'>Gaesar,</span> <span class='ocrx_word' id='word_1_320' title='bbox 671 3308 806 3378; x_wconf 89' lang='lat' dir='ltr'>tribuisti,</span> <span class='ocrx_word' id='word_1_321' title='bbox 822 3305 891 3363; x_wconf 77' lang='lat' dir='ltr'>cum</span> <span class='ocrx_word' id='word_1_322' title='bbox 911 3313 941 3360; x_wconf 89' lang='lat' dir='ltr'>et</span> <span class='ocrx_word' id='word_1_323' title='bbox 960 3304 1015 3378; x_wconf 91' lang='lat' dir='ltr'>ipsi</span> <span class='ocrx_word' id='word_1_324' title='bbox 1033 3313 1062 3359; x_wconf 91' lang='lat' dir='ltr'>et</span> <span class='ocrx_word' id='word_1_325' title='bbox 1076 3303 1135 3359; x_wconf 87' lang='lat' dir='ltr'>filio</span> <span class='ocrx_word' id='word_1_326' title='bbox 1148 3321 1198 3359; x_wconf 90' lang='lat' dir='ltr'>no-</span> 
     </span>
     <span class='ocr_line' id='line_1_37' title="bbox 202 3385 1199 3461; baseline -0.006 -19"><span class='ocrx_word' id='word_1_327' title='bbox 202 3405 270 3443; x_wconf 91' lang='lat' dir='ltr'>men</span> <span class='ocrx_word' id='word_1_328' title='bbox 290 3387 403 3461; x_wconf 84' lang='lat' dir='ltr'>regium</span> <span class='ocrx_word' id='word_1_329' title='bbox 423 3387 599 3445; x_wconf 89' lang='lat' dir='ltr'>concessisti.</span> <span class='ocrx_word' id='word_1_330' title='bbox 642 3387 709 3444; x_wconf 92' lang='lat' dir='ltr'>Hoc</span> <span class='ocrx_word' id='word_1_331' title='bbox 728 3385 845 3443; x_wconf 86' lang='lat' dir='ltr'>nomine</span> <span class='ocrx_word' id='word_1_332' title='bbox 859 3390 970 3440; x_wconf 88' lang='lat' dir='ltr'>retento</span> <span class='ocrx_word' id='word_1_333' title='bbox 984 3391 1069 3453; x_wconf 84' lang='lat' dir='ltr'>atque</span> <span class='ocrx_word' id='word_1_334' title='bbox 1084 3400 1199 3437; x_wconf 87' lang='lat' dir='ltr'>conser-</span> 
     </span>
     <span class='ocr_line' id='line_1_38' title="bbox 202 3455 1279 3540; baseline -0.009 -20"><span class='ocrx_word' id='word_1_335' title='bbox 202 3472 277 3533; x_wconf 82' lang='lat' dir='ltr'>vato,</span> <span class='ocrx_word' id='word_1_336' title='bbox 298 3464 410 3520; x_wconf 87' lang='lat' dir='ltr'>nullum</span> <span class='ocrx_word' id='word_1_337' title='bbox 428 3464 614 3522; x_wconf 82' lang='lat' dir='ltr'>&#39;beneficium</span> <span class='ocrx_word' id='word_1_338' title='bbox 639 3462 735 3540; x_wconf 92' lang='lat' dir='ltr'>populi</span> <span class='ocrx_word' id='word_1_339' title='bbox 762 3459 901 3527; x_wconf 87' lang='lat' dir='ltr'>Romani,</span> <span class='ocrx_word' id='word_1_340' title='bbox 922 3456 1034 3513; x_wconf 89' lang='lat' dir='ltr'>nullum</span> <span class='ocrx_word' id='word_1_341' title='bbox 1052 3455 1199 3526; x_wconf 91' lang='lat' dir='ltr'>judicium</span> <span class='ocrx_word' id='word_1_342' title='bbox 1275 3494 1279 3499; x_wconf 77' lang='lat'>,</span> 
     </span>
     <span class='ocr_line' id='line_1_39' title="bbox 152 3531 1200 3620; baseline -0.01 -18"><span class='ocrx_word' id='word_1_343' title='bbox 152 3540 190 3602; x_wconf 80' lang='lat'>40&#39;</span> <span class='ocrx_word' id='word_1_344' title='bbox 202 3542 239 3600; x_wconf 93' lang='lat' dir='ltr'>de</span> <span class='ocrx_word' id='word_1_345' title='bbox 259 3561 291 3599; x_wconf 92' lang='lat' dir='ltr'>se</span> <span class='ocrx_word' id='word_1_346' title='bbox 311 3541 438 3613; x_wconf 78' lang='lat' dir='ltr'>senatrls,</span> <span class='ocrx_word' id='word_1_347' title='bbox 460 3542 645 3600; x_wconf 88' lang='lat' dir='ltr'>imminutum</span> <span class='ocrx_word' id='word_1_348' title='bbox 670 3542 760 3616; x_wconf 74' lang='lat' dir='ltr'>putat.</span> <span class='ocrx_word' id='word_1_349' title='bbox 802 3537 912 3612; x_wconf 82' lang='lat' dir='ltr'>Magno</span> <span class='ocrx_word' id='word_1_350' title='bbox 933 3531 1031 3588; x_wconf 86' lang='lat' dir='ltr'>animo</span> <span class='ocrx_word' id='word_1_351' title='bbox 1051 3538 1080 3620; x_wconf 81' lang='lat' dir='ltr'>et</span> <span class='ocrx_word' id='word_1_352' title='bbox 1100 3543 1200 3592; x_wconf 86' lang='lat' dir='ltr'>erecto</span> 
     </span>
     <span class='ocr_line' id='line_1_40' title="bbox 202 3609 1146 3695; baseline -0.013 -16"><span class='ocrx_word' id='word_1_353' title='bbox 202 3631 261 3691; x_wconf 88' lang='lat' dir='ltr'>est;</span> <span class='ocrx_word' id='word_1_354' title='bbox 283 3640 340 3678; x_wconf 89' lang='lat' dir='ltr'>nec</span> <span class='ocrx_word' id='word_1_355' title='bbox 353 3638 481 3695; x_wconf 88' lang='lat' dir='ltr'>unquam</span> <span class='ocrx_word' id='word_1_356' title='bbox 495 3620 668 3676; x_wconf 91' lang='lat' dir='ltr'>succumbet</span> <span class='ocrx_word' id='word_1_357' title='bbox 682 3615 818 3686; x_wconf 89' lang='lat' dir='ltr'>inimicis,</span> <span class='ocrx_word' id='word_1_358' title='bbox 832 3634 870 3673; x_wconf 89' lang='lat' dir='ltr'>ne</span> <span class='ocrx_word' id='word_1_359' title='bbox 884 3612 1005 3670; x_wconf 74' lang='lat' dir='ltr'>fortune</span> <span class='ocrx_word' id='word_1_360' title='bbox 1020 3609 1146 3685; x_wconf 89' lang='lat' dir='ltr'>qmdem.</span> 
     </span>
     <span class='ocr_line' id='line_1_41' title="bbox 242 3690 1199 3772; baseline -0.01 -14"><span class='ocrx_word' id='word_1_361' title='bbox 242 3700 338 3758; x_wconf 83' lang='lat' dir='ltr'>Multa</span> <span class='ocrx_word' id='word_1_362' title='bbox 357 3719 389 3758; x_wconf 91' lang='lat' dir='ltr'>se</span> <span class='ocrx_word' id='word_1_363' title='bbox 410 3699 563 3757; x_wconf 87' lang='lat' dir='ltr'>arbitratur</span> <span class='ocrx_word' id='word_1_364' title='bbox 584 3707 614 3754; x_wconf 91' lang='lat' dir='ltr'>et</span> <span class='ocrx_word' id='word_1_365' title='bbox 639 3695 784 3772; x_wconf 85' lang='lat' dir='ltr'>peperisse</span> <span class='ocrx_word' id='word_1_366' title='bbox 806 3690 968 3762; x_wconf 87' lang='lat' dir='ltr'>antefactis,</span> <span class='ocrx_word' id='word_1_367' title='bbox 990 3690 1148 3771; x_wconf 16' lang='lat' dir='ltr'>etlhabere</span> <span class='ocrx_word' id='word_1_368' title='bbox 1167 3690 1199 3748; x_wconf 92' lang='lat' dir='ltr'>in</span> 
     </span>
     <span class='ocr_line' id='line_1_42' title="bbox 204 3769 1199 3856; baseline -0.016 -15"><span class='ocrx_word' id='word_1_369' title='bbox 204 3781 300 3841; x_wconf 85' lang='lat' dir='ltr'>animo</span> <span class='ocrx_word' id='word_1_370' title='bbox 320 3790 404 3856; x_wconf 86' lang='lat' dir='ltr'>atque</span> <span class='ocrx_word' id='word_1_371' title='bbox 424 3778 538 3848; x_wconf 85' lang='lat' dir='ltr'>virtute,</span> <span class='ocrx_word' id='word_1_372' title='bbox 553 3795 616 3852; x_wconf 80' lang='lat' dir='ltr'>quae</span> <span class='ocrx_word' id='word_1_373' title='bbox 638 3774 718 3833; x_wconf 89' lang='lat' dir='ltr'>nullo</span> <span class='ocrx_word' id='word_1_374' title='bbox 738 3775 823 3835; x_wconf 90' lang='lat' dir='ltr'>modo</span> <span class='ocrx_word' id='word_1_375' title='bbox 835 3774 923 3853; x_wconf 91' lang='lat' dir='ltr'>possit</span> <span class='ocrx_word' id='word_1_376' title='bbox 938 3770 1080 3831; x_wconf 88' lang='lat' dir='ltr'>amittere.</span> <span class='ocrx_word' id='word_1_377' title='bbox 1121 3769 1199 3831; x_wconf 64' lang='lat' dir='ltr'>Quae</span> 
     </span>
     <span class='ocr_line' id='line_1_43' title="bbox 202 3848 1199 3934; baseline -0.017 -13"><span class='ocrx_word' id='word_1_378' title='bbox 202 3861 282 3921; x_wconf 89' lang='lat' dir='ltr'>enim</span> <span class='ocrx_word' id='word_1_379' title='bbox 303 3860 426 3932; x_wconf 84' lang='lat' dir='ltr'>fortuna,</span> <span class='ocrx_word' id='word_1_380' title='bbox 448 3866 499 3918; x_wconf 84' lang='lat' dir='ltr'>sut</span> <span class='ocrx_word' id='word_1_381' title='bbox 521 3856 585 3934; x_wconf 90' lang='lat' dir='ltr'>quis</span> <span class='ocrx_word' id='word_1_382' title='bbox 607 3860 703 3928; x_wconf 86' lang='lat' dir='ltr'>casus,</span> <span class='ocrx_word' id='word_1_383' title='bbox 718 3865 768 3914; x_wconf 88' lang='lat' dir='ltr'>aut</span> <span class='ocrx_word' id='word_1_384' title='bbox 791 3875 855 3933; x_wconf 75' lang='lat' dir='ltr'>quae</span> <span class='ocrx_word' id='word_1_385' title='bbox 875 3865 958 3916; x_wconf 89' lang='lat' dir='ltr'>tanta</span> <span class='ocrx_word' id='word_1_386' title='bbox 978 3851 1068 3932; x_wconf 87' lang='lat' dir='ltr'>possit</span> <span class='ocrx_word' id='word_1_387' title='bbox 1084 3848 1199 3926; x_wconf 86' lang='lat' dir='ltr'>injuria,</span> 
     </span>
    </p>
   </div>
   <div class='ocr_carea' id='block_1_4' title="bbox 0 0 1350 4484">
    <p class='ocr_par' dir='ltr' id='par_1_4' title="bbox 0 0 1350 4484">
     <span class='ocr_line' id='line_1_44' title="bbox 0 0 1350 4484; baseline 0 0"><span class='ocrx_word' id='word_1_388' title='bbox 0 0 1350 4484; x_wconf 95' lang='lat' dir='ltr'> </span> 
     </span>
    </p>
   </div>
   <div class='ocr_carea' id='block_1_5' title="bbox 240 2022 1338 2117">
    <p class='ocr_par' dir='ltr' id='par_1_5' title="bbox 240 2022 1338 2117">
     <span class='ocr_line' id='line_1_45' title="bbox 240 2022 1338 2117; baseline -0.002 -16"><span class='ocrx_word' id='word_1_389' title='bbox 240 2043 330 2101; x_wconf 85' lang='lat' dir='ltr'>XIII.</span> <span class='ocrx_word' id='word_1_390' title='bbox 365 2042 447 2100; x_wconf 88' lang='lat' dir='ltr'>Nihil</span> <span class='ocrx_word' id='word_1_391' title='bbox 468 2060 486 2098; x_wconf 88' lang='lat' dir='ltr'>a</span> <span class='ocrx_word' id='word_1_392' title='bbox 505 2060 553 2100; x_wconf 89' lang='lat' dir='ltr'>me</span> <span class='ocrx_word' id='word_1_393' title='bbox 573 2040 695 2099; x_wconf 89' lang='lat' dir='ltr'>arbitror</span> <span class='ocrx_word' id='word_1_394' title='bbox 713 2022 1010 2117; x_wconf 84' lang='lat' dir='ltr'>praetermissum,·sed</span> <span class='ocrx_word' id='word_1_395' title='bbox 1030 2041 1139 2116; x_wconf 89' lang='lat' dir='ltr'>aliquid</span> <span class='ocrx_word' id='word_1_396' title='bbox 1154 2042 1194 2099; x_wconf 89' lang='lat' dir='ltr'>ad</span> <span class='ocrx_word' id='word_1_397' title='bbox 1247 2059 1253 2062; x_wconf 76' lang='lat'><strong>·</strong></span> <span class='ocrx_word' id='word_1_398' title='bbox 1337 2072 1338 2083; x_wconf 29' lang='grc' dir='ltr'><strong>κ</strong></span> 
     </span>
    </p>
   </div>
  </div>
 </body>
</html>
