2692 4484
150 351 208 410 134
453 346 590 399 onemo
611 345 650 397 IN
671 344 711 420 M?
732 344 936 397 Ausculum.

200 493 281 564 bare,
300 511 339 551 ne
358 492 416 550 nori
434 500 602 568 putaremus
620 490 725 549 nature
744 500 773 549 te
829 489 921 549 tuisse
943 500 1003 548 tam
1030 490 1203 569 improbum
1307 543 1308 546 ,

201 572 333 643 evadere,
347 571 403 629 nisi
417 571 588 629 accessisset
601 571 690 629 etiam
703 510 878 647 disciplinal

241 649 328 708 VIII.
362 649 440 708 Tam
455 660 551 708 autem
565 668 631 707 eras
644 668 755 721 excors,
771 658 811 721 ut,
826 649 886 708 tota
900 649 931 707 in
943 648 1082 721 oratione,
1092 659 1201 708 tecum

201 729 262 807 ipse
273 748 433 807 pugnares3
454 739 487 786 ut
499 748 557 787 non
571 727 656 787 modo
671 747 729 786 non
747 727 922 787 cohaerentia
935 727 1009 786 inter
1022 747 1054 786 se
1068 729 1200 803 diceres,
1309 739 1310 758 ¹

166 811 185 864 5
201 808 252 867 sed
265 806 390 866 maxime
405 808 549 884 disjuncta
570 818 655 884 atque
673 807 833 878 contraria3
854 816 957 865 utnon
971 816 1052 865 tanta
1064 827 1199 881 mecum,

201 896 309 964 quanta
328 897 436 959 tecum,
450 886 503 945 tibi
522 896 598 945 esset
611 886 778 945 contentiol
811 886 958 944 Vitricum
971 895 1053 944 tuum
1067 886 1097 945 in
1111 898 1200 946 tanto

202 966 290 1025 luisse
303 965 414 1025 scelere
427 966 573 1037 fatebare3
593 966 680 1043 poend
695 965 831 1023 affectum
844 965 1011 1041 querebare.
1045 964 1101 1039 Ita,
1116 967 1198 1043 quod

97 1069 100 1074 ·
201 1044 314 1122 proprie
334 1064 432 1104 meum
451 1055 505 1117 est,
518 1045 660 1103 lauddsti:
681 1045 757 1121 quod
777 1054 868 1104 totum
888 1043 1005 1102 seuatds
1024 1054 1078 1117 est,
1098 1066 1199 1123 repre·

202 1124 347 1183 hendisti:
375 1144 444 1183 nam
470 1123 688 1202 comprehensio
708 1124 842 1197 sontium,
863 1142 947 1194 mea3
972 1124 1196 1197 anImadversio,

152 1209 186 1262 10
202 1203 320 1261 senatus
333 1204 395 1263 t‘uit
436 1204 533 1262 Homo
554 1203 678 1261 disertus
698 1222 757 1262 non
775 1202 920 1280 intelligit,
934 1221 1012 1274 eum,
1025 1222 1110 1280 quem
1125 1224 1197 1263 con-

202 1292 248 1340 tra
260 1283 342 1355 dicit,
356 1283 469 1341 laudari
484 1302 501 1341 a
514 1302 561 1354 se3
583 1302 642 1354 eos,
658 1283 734 1360 apud
747 1301 818 1358 quos
832 1282 914 1354 dicit,
928 1282 1091 1358 vituperari.

242 1361 310 1419 Jam
337 1362 408 1420 illud
434 1361 518 1438 cujus
543 1371 597 1433 est,
617 1379 676 1420 non
696 1361 763 1420 dico
784 1362 925 1433 audacie,
948 1360 1042 1439 (cupit
1061 1362 1141 1420 enim
1161 1382 1195 1420 se

204 1441 345 1499 audacem
366 1441 440 1579 disp)
459 1441 511 1499 sed
532 1439 622 1518 (quod
643 1438 763 1498 minimd
783 1441 857 1520 vult)
879 1440 1017 1512 stultitiae,
1031 1440 1088 1517 qud
1102 1442 1195 1509 vincit

202 1539 312 1591 omnes,
327 1519 394 1579 clivi
436 1520 564 1597 apitolini
577 1520 754 1579 mentionem
768 1520 874 1592 lacere,
886 1517 954 1578 cdm
969 1519 1043 1577 inter
1056 1521 1195 1579 subsellia

154 1614 187 1666 15
204 1609 301 1657 nostra
310 1609 459 1658 versentur
473 1600 596 1658 armatil
617 1597 686 1657 crim
701 1600 731 1657 in
744 1600 801 1658 hac
815 1599 890 1658 cellia
903 1599 1084 1671 Concordiae,
1096 1598 1127 1678 (ο
1140 1599 1192 1658 Dii

204 1678 410 1759 immortalesl)
432 1679 462 1737 in
478 1679 545 1756 qud,
564 1698 611 1737 me
632 1678 760 1750 consule,
778 1679 919 1738 salutares
938 1678 1087 1736 sententiae
1107 1680 1192 1738 dictae

204 1768 280 1829 sunt,
300 1758 405 1835 quibus
431 1758 469 1817 ad
495 1759 571 1817 hanc
600 1757 678 1816 diem
697 1758 830 1830 viximus,
851 1777 920 1816 cum
939 1756 1043 1835 gladiis
1063 1759 1193 1817 homines

204 1837 338 1895 collocati
348 1847 432 1896 stent.
463 1837 583 1897 Accusa
592 1846 743 1895 senatum:
766 1855 874 1896 accusa
883 1846 1044 1914 equestrem
1052 1838 1192 1910 ordinem,

204 1916 335 1992 quitum
356 1935 424 1974 cum
444 1926 547 1976 senatu
567 1916 717 1993 copulatus
736 1916 809 1974 fuit:
831 1934 938 1975 accusa
954 1935 1055 1975 omnes
1067 1917 1191 1990 ordines,

151 2006 187 2061 20
203 2014 304 2054 omnes
324 1995 411 2068 cives,
432 1998 501 2054 dum
522 1996 687 2068 confiteare,
708 1996 788 2054 bunc
806 1996 947 2068 ordinem,
968 1997 1025 2055 boc
1044 1996 1105 2073 ipm
1122 2006 1193 2053 tem·
1281 2067 1286 2072 ⁵

204 2094 282 2151 pore,
297 2076 334 2133 ab
343 2061 486 2153 {thyrsis
499 2074 715 2134 circumsederi.
757 2074 832 2134 Haec
852 2085 884 2133 tu
903 2095 962 2134 non
980 2086 1092 2152 propter
1106 2076 1194 2132 auda·

205 2154 282 2212 ciam
303 2154 378 2213 dicis
398 2165 458 2213 tam
481 2154 672 2233 impudenter,
687 2154 738 2212 sed
758 2154 827 2230 quia
845 2163 956 2213 tantam
976 2174 1072 2213 rerum
1091 2174 1194 2232 repug-

205 2234 334 2292 nantiam
355 2254 413 2293 non
434 2234 522 2293 vides.
564 2233 647 2293 Nihil
669 2232 799 2311 profecto
824 2234 908 2311 sapis.
948 2233 1032 2296 Quid
1052 2242 1096 2292 est
1114 2234 1193 2292 enim

205 2312 377 2385 dementius,
406 2312 505 2390 quim,
536 2311 605 2372 crim
632 2312 694 2390 ipse
721 2312 887 2392 reipublice
919 2313 1083 2391 perniciosa
1115 2331 1195 2371 arma

152 2408 188 2462 25
205 2392 326 2468 ceperis,
340 2392 467 2469 objicere
483 2393 565 2452 alteri
578 2391 737 2450 salutarial
1044 2452 1047 2457 ,

244 2472 286 2528 At
308 2470 396 2528 etiam
422 2472 546 2547 quodam
568 2470 633 2530 loco
659 2471 772 2531 facetus
794 2490 858 2530 esse
879 2470 1000 2530 voluisti.
1040 2468 1141 2533 Quam
1164 2470 1194 2529 id

206 2547 271 2619 (Dii
284 2547 384 2627 bonil)
406 2568 464 2607 non
484 2550 626 2609 decebat!
668 2549 705 2609 In
725 2570 782 2627 quo
801 2560 845 2609 est
864 2560 915 2609 tua
934 2550 1021 2628 culpa
1039 2550 1193 2610 nonnulla:

206 2625 314 2701 aliquid
327 2627 406 2684 euim
419 2628 488 2686 salis
502 2630 539 2687 ab
552 2649 640 2688 uxore
653 2630 744 2687 mimd
757 2631 872 2688 trahere
885 2630 1010 2707 potuisti.
1052 2636 1072 2665 “
1081 2631 1195 2688 Cedant

206 2723 286 2763 arma
298 2706 400 2783 toge.’'
430 2707 537 2770 Quidl
557 2718 620 2766 tum
639 2729 736 2768 nonne
756 2712 926 2768 cesseruntl
959 2712 1001 2768 At
1020 2720 1118 2787 postea
1136 2708 1195 2766 tuis

151 2799 188 2853 30
206 2784 292 2841 armis
312 2784 399 2843 cessit
418 2794 494 2864 toga
533 2786 711 2849 Quaeramus
734 2788 831 2865 igitur,
852 2798 948 2846 utrum
969 2789 1072 2847 melius
1092 2788 1194 2860 luerit;

204 2863 330 2922 libertati
355 2864 452 2942 populi
478 2866 607 2925 Romani
634 2867 840 2926 sceleratorum
861 2886 951 2940 arma,
973 2887 1010 2927 an
1033 2868 1194 2926 libertatem

205 2953 331 3001 nostram
352 2945 439 3003 armis
458 2946 526 3018 tuis,
544 2946 656 3006 cedere.
698 2946 765 3005 Nec
785 2944 854 3006 verb
873 2947 927 3005 tibi
948 2948 984 3006 de
1004 2947 1133 3005 versibus
1152 2966 1196 3004 re-

205 3024 368 3100 spondebo:
389 3033 502 3084 tantum
515 3025 613 3085 dicam
632 3025 766 3098 breviter,
780 3045 875 3102 neque
896 3026 960 3085 illos
972 3045 1066 3103 neque
1080 3025 1153 3083 ullas
1166 3035 1196 3084 te

205 3104 323 3163 omnino
335 3104 434 3164 literas
446 3106 551 3166 ndsse:
572 3125 620 3164 me
633 3125 690 3165 nec
703 3105 869 3183 reipublice
883 3125 940 3164 nec
954 3105 1056 3164 amicis
1070 3123 1196 3182 unquam

152 3196 188 3249 35
206 3184 342 3257 defuisse,
369 3195 399 3243 et
424 3195 523 3246 tamen
549 3186 628 3245 omui
654 3205 762 3264 genere
788 3194 1039 3244 monumentorum
1067 3203 1196 3243 meorum

204 3264 360 3339 perfecisse
380 3266 475 3343 operis
495 3265 663 3337 subsecivis,
679 3275 711 3323 ut
729 3283 802 3324 mear
814 3263 931 3343 vigilie,
945 3283 1075 3340 meaeque
1095 3265 1196 3335 litere,

205 3351 236 3398 et
245 3342 390 3417 juventuti
403 3345 545 3417 utilitatis,
559 3354 589 3403 et
602 3344 713 3403 nomini
727 3345 862 3403 Romano
873 3344 979 3417 laudis,
994 3343 1102 3421 aliquid
1116 3342 1197 3401 affer·

166 3476 172 3487 ,
205 3430 278 3477 rent
320 3422 380 3478 Sed
394 3423 457 3481 haec
470 3423 628 3504 non.hujus
641 3424 793 3501 temporis:
816 3425 853 3482 ad
866 3423 976 3501 majora
989 3424 1145 3482 veniamus.

245 3497 301 3555 1x.
342 3498 374 3556 Ρ.
399 3500 535 3559 Clodium
561 3521 626 3560 meo
652 3502 773 3561 consilio
796 3503 981 3562 interfectum
1005 3522 1067 3561 esse
1089 3500 1196 3559 dixisti.

152 3585 188 3638 40
203 3574 358 3638 Quidnam
378 3578 509 3637 homines
527 3589 672 3656 putarent,
687 3581 712 3639 si
725 3591 787 3638 tum
804 3584 920 3641 occisus
937 3592 1023 3654 esset,
1038 3579 1106 3640 ciam
1120 3589 1152 3638 tu
1166 3580 1198 3639 il·

206 3655 266 3713 lum
280 3655 309 3714 in
324 3655 394 3727 soro,
408 3656 588 3734 inspectante
607 3659 711 3736 populo
731 3659 874 3734 Romano,
889 3662 987 3739 gladio
1006 3661 1107 3720 stricto
1124 3661 1199 3717 inse·

206 3744 291 3794 cutus
310 3754 352 3806 es,
366 3736 570 3813 negotiumque
590 3737 789 3816 transegisses,
804 3740 860 3798 nisi
881 3742 930 3799 ille
950 3761 982 3799 se
1003 3742 1033 3800 in
1050 3739 1144 3799 scalas
1157 3748 1199 3796 ta·

206 3815 302 3874 bernar
322 3815 447 3874 librariae
468 3816 648 3893 conjecisset,
669 3818 771 3895 hisque
797 3819 929 3896 oppilatis
956 3814 1095 3899 impetum
1115 3829 1198 3876 tuum

206 3893 441 3970 compressissetl
473 3894 562 3976 [Sed]
578 3897 670 3973 quidl
691 3918 746 3974 ego
759 3897 863 3956 lavisse
880 3916 927 3957 me
940 3899 1112 3970 tibisatedr;
1134 3915 1198 3965 sut·
1290 3920 1295 3927 '
