2692 4484
426 285 568 366 ORATID.
583 284 621 332 IN
642 285 681 333 M.
698 279 904 333 ANTONIUM.
1137 291 1202 351 ’149

158 428 291 487 habebat.
330 427 424 499 Quin,
438 426 483 485 his
504 426 574 503 ipsis
588 426 776 503 temporibus,
791 426 868 484 domi
883 427 1020 501 Caesaris,
1034 448 1150 505 percus-

157 528 215 580 sor,
239 509 274 566 ab
295 507 348 564 isto
370 507 484 578 missus,
506 507 705 584 deprehensus
726 506 876 564 dicebatur
898 527 963 566 esse
986 528 1054 566 cum
1069 509 1149 567 sici:

156 589 263 662 dequo
277 587 374 644 Cesar
395 587 425 644 in
448 596 562 656 senatu,
578 584 676 661 aperte
700 584 730 641 in
750 595 779 642 te
799 585 949 658 invehens,
964 600 1084 663 questus
1097 597 1149 645 est.

156 666 352 724 Proficiscitur
376 666 406 722 in
421 665 595 741 Hispaniam
609 664 719 734 cesar,
734 664 836 739 paucis
849 664 902 723 tibi
917 667 952 723 ad
967 667 1149 739 solvendum,

155 756 269 822 propter
283 744 411 822 inopiam
431 755 522 814 tuam,
542 742 701 819 prorogatis
723 742 833 801 diebus
885 744 932 802 Ne
955 756 1017 823 tum
1031 746 1149 823 quidem
1183 747 1202 800 ⁵

155 824 291 900 sequeris.
342 824 420 882 Tam
444 824 537 881 bonus
558 821 700 898 gladiator
720 822 820 879 rudem
840 831 899 879 tam
914 823 972 881 oitb
988 826 1148 903 accepistil

156 902 245 962 Hunc
268 903 355 980 igitur
377 902 539 977 quisquam,
558 901 607 975 qui
630 901 660 958 in
682 900 742 956 suis
763 901 901 976 partibus,
926 902 955 960 id
975 915 1029 976 est,
1043 905 1073 962 in
1088 904 1148 962 suis

157 982 288 1052 fortunis,
303 992 363 1038 tam
376 980 494 1038 timidus
509 980 604 1050 suerit,
617 979 822 1054 pertimescat?

159 1095 160 1098 =
197 1060 302 1118 XXX.
347 1059 498 1117 Profectus
522 1067 566 1116 est
587 1059 705 1116 tandem
728 1058 881 1134 aliquando
902 1059 932 1117 in
957 1059 1129 1135 Hispaniam

156 1141 209 1196 sed
223 1137 297 1208 tuto,
311 1146 344 1195 ut
358 1138 407 1207 ait,
421 1137 571 1213 pervenire
590 1156 647 1194 non
661 1137 762 1212 potuit.
802 1137 942 1199 Quonam
956 1140 1041 1200 modo
1061 1140 1147 1217 igitur
1166 1140 1201 1194 10

159 1217 311 1275 Dolabella
329 1217 481 1291 pervenit?
536 1217 597 1273 Aut
617 1235 676 1273 non
696 1216 881 1291 suscipienda
901 1217 953 1275 fuit
975 1218 1030 1276 ista
1050 1237 1147 1292 causa,

159 1295 289 1366 Antoni3
317 1305 376 1366 aut,
397 1293 465 1353 crim
485 1295 670 1371 suscepisses,
686 1295 869 1353 defendenda
889 1316 979 1372 usque
1001 1298 1038 1355 ad
1058 1308 1149 1356 extre-

159 1394 248 1434 mum.
303 1375 364 1432 Ter
384 1374 558 1451 depugnavit
579 1374 678 1432 Caesar
699 1394 767 1432 cum
788 1375 909 1446 civibus,
929 1377 959 1433 in
981 1377 1147 1448 Thessalia,

159 1453 272 1525 Africa,
300 1453 450 1529 Hispania.
502 1452 648 1511 Omnibus
673 1453 755 1511 affuit
781 1453 826 1510 his
850 1455 954 1530 pugnis
977 1455 1146 1514 Dolabella:
1174 1512 1179 1519 ,

88 1601 93 1604 v
157 1533 188 1590 in
212 1532 401 1609 Hispaniensi
422 1533 642 1590 etiam'vulnus
663 1532 785 1609 accepit.
836 1533 868 1589 Si
891 1534 927 1590 de
951 1553 1015 1592 meo
1037 1535 1148 1610 judicio
1166 1534 1201 1588 15

157 1612 279 1688 quaeris3
301 1612 426 1669 nollem:
448 1612 498 1669 sed
519 1621 617 1669 tamen
632 1612 786 1669 consilium
801 1630 818 1669 a
831 1610 923 1688 primo
936 1614 1150 1689 reprehenden-

157 1692 236 1762 dum,
257 1691 404 1749 laudanda
426 1691 598 1749 constantia.
652 1691 702 1749 Tu
726 1688 794 1747 verb
821 1689 890 1765 quid
919 1693 1041 1749 censesl
1092 1692 1148 1750 Gn.

157 1770 286 1847 Pompeii
306 1769 391 1827 liberi
411 1766 538 1845 primirm
563 1769 688 1846 patriam
711 1770 888 1845 repetebant.
937 1771 1031 1836 Esto:
1064 1770 1149 1828 fuerit

157 1850 220 1906 haec
232 1850 357 1927 partium
378 1868 469 1907 causa
488 1849 660 1906 eommunis.
711 1848 898 1924 Repetebant
917 1861 1057 1925 praeterea
1070 1849 1150 1907 Deos

156 1928 272 2005 patrios,
287 1948 362 2000 aras,
377 1928 466 2000 locos,
479 1928 570 1985 larem
580 1946 665 1985 suum
680 1927 867 1996 familiarem3
896 1928 926 1985 in
948 1948 1012 2004 qua
1026 1939 1058 1986 tu
1072 1928 1150 1986 inva-
1165 1932 1202 1988 20

158 2026 244 2065 seras.
286 2007 362 2065 Haec
384 2026 453 2064 cum
466 2015 631 2082 repeterent
644 2005 732 2063 armis
745 2006 775 2077 ii,
790 2025 911 2083 quorum
924 2019 1008 2065 erant
1020 2007 1154 2084 legibusg

12 2129 21 2152 ,
111 2126 113 2130 -
158 2086 213 2143 etsi
225 2087 254 2142 in
269 2087 356 2158 rebus
376 2084 563 2159 iniquissimis
577 2084 646 2160 quid
665 2094 759 2161 potest
779 2104 843 2143 esse
857 2086 952 2163 aequil
980 2095 1151 2152 tamenerat

159 2164 364 2240 aequissimum,
385 2173 488 2221 contra
504 2163 560 2221 Cn.
573 2164 704 2240 Pompeii
723 2164 837 2232 liberos,
859 2165 914 2223 Cn.
931 2165 1060 2241 Pompeii
1080 2184 1150 2243 pug-

159 2262 229 2301 nare
243 2252 271 2299 te
285 2252 436 2300 sectorem.
479 2243 527 2299 An
549 2252 581 2300 tu
600 2242 739 2302 Narbone
754 2262 867 2301 mensas
888 2244 1032 2321 hospitum
1046 2264 1151 2303 convo·

160 2341 263 2392 meres,
278 2320 430 2379 Dolabella
443 2340 495 2397 pro
506 2331 536 2378 te
551 2320 581 2378 in
596 2321 741 2398 Hispania
754 2323 927 2382 dimicaret?
982 2319 986 2332 “
1166 2337 1202 2391 25

198 2400 263 2463 Qui
282 2398 350 2459 verb
372 2399 511 2458 Narbone
532 2401 662 2459 reditusl
690 2411 721 2459 et
733 2409 831 2460 tamen
852 2403 1008 2478 querebat,
1029 2422 1081 2460 our
1096 2421 1150 2479 ego

158 2499 196 2538 ex
209 2480 272 2556 ipso
292 2499 379 2538 cursu
400 2490 458 2537 tam
479 2476 573 2536 subito
595 2480 785 2539 revertissem.
836 2481 964 2560 Exposui
978 2500 1080 2557 nuper,
1095 2481 1150 2538 Pa·

159 2557 216 2616 tres
243 2558 417 2634 Conscripti,
446 2578 563 2617 causam
590 2558 701 2616 reditbs
727 2560 794 2617 mei.
848 2560 946 2632 Volui,
973 2561 998 2617 si
1023 2578 1148 2636 possem,

159 2638 247 2694 etiarn
262 2648 329 2695 ante
343 2638 489 2695 Calendas
508 2636 672 2709 lanuarias,
686 2638 822 2714 prodesse
842 2639 1016 2715 reipublice.
1059 2637 1147 2710 Nam,
1231 2633 1236 2642 ’

157 2717 234 2792 quod
254 2717 413 2792 quaerebas,
426 2716 569 2792 quomodo
584 2715 741 2788 redissem;
762 2716 886 2793 primrlm
900 2718 976 2789 luce,
991 2728 1149 2776 contene-
1165 2730 1203 2785 30

160 2796 237 2865 bris3
258 2796 363 2853 deinde
384 2815 452 2853 cum
473 2795 581 2853 calceis
601 2805 631 2853 et
650 2796 730 2873 toga,
755 2797 841 2854 nullis
867 2817 923 2854 nec
943 2796 1066 2854 Gallicis
1093 2815 1150 2853 nec

157 2875 284 2932 lacerna.
327 2877 369 2932 At
382 2875 470 2932 etiam
485 2874 612 2951 adspicis
626 2894 683 2946 me,
697 2885 727 2933 et
739 2875 867 2950 quidem,
878 2885 911 2932 ut
922 2875 1037 2947 rideris,
1049 2876 1148 2932 iratus.

130 3000 135 3010 .
160 2953 215 3011 Nae
236 2964 268 3010 tu
294 2952 355 3029 jam
375 2973 491 3010 mecum
510 2953 541 3010 in
560 2954 682 3030 gratiam
704 2955 816 3025 redeas,
838 2954 862 3011 si
883 2955 968 3025 scias,
992 2952 1151 3029 quamzme

160 3033 266 3108 pudeat
284 3031 418 3106 nequitia
438 3041 506 3101 tue,
521 3031 603 3107 cujus
620 3042 650 3089 te
668 3032 762 3107 ipsum
781 3051 840 3089 non
859 3033 955 3107 pudet.
997 3032 1044 3089 Ex
1061 3030 1152 3089 omni·

160 3111 214 3167 bus
234 3110 365 3168 omnium
387 3109 514 3186 flagitiis,
536 3110 647 3167 nullum
668 3111 783 3192 turpius
811 3110 880 3181 vidi,
905 3110 1016 3167 nullum
1046 3109 1151 3166 audivi.
1169 3119 1204 3173 35

159 3189 225 3251 Qui
253 3188 389 3264 magister
416 3187 545 3263 equitum
572 3188 660 3245 luisse
687 3189 740 3245 tibi
766 3188 906 3259 viderere,
935 3189 964 3246 in
991 3189 1152 3264 proximum

160 3286 270 3326 annum
285 3265 467 3325 consulatum
481 3276 602 3341 peteres,
616 3267 661 3324 vel
675 3265 771 3342 potius
784 3285 920 3344 rogares3
942 3267 977 3337 is,
991 3287 1041 3343 per
1060 3266 1152 3323 muni·

159 3347 237 3424 cipia
257 3346 442 3422 coloniasque
463 3345 574 3416 Galliae,
597 3345 692 3420 aquai
718 3365 771 3402 nos
797 3344 958 3416 tum,ci1m
985 3345 1151 3403 consulatus

159 3427 317 3502 petebatur,
332 3443 391 3483 non
405 3425 568 3501 rogabatur,
583 3434 680 3499 petere
695 3425 877 3482 consulatum
896 3424 1067 3496 solebamus,
1083 3442 1151 3481 cum

158 3505 278 3563 Gallicis
292 3514 321 3561 et
334 3503 453 3562 lacerna
467 3501 628 3561 cucurristi.
1167 3510 1203 3564 4ο

199 3582 316 3640 XXXI.
358 3584 400 3639 At
423 3582 518 3639 videte
540 3582 685 3639 levitatem
707 3582 840 3639 hominis.
891 3580 967 3640 cnm
997 3582 1068 3639 horai
1092 3581 1151 3638 diei

159 3660 275 3719 decima
295 3660 354 3718 fere
376 3661 412 3718 ad
441 3661 518 3719 Saxa
544 3661 648 3719 Rubra
675 3661 810 3733 venisset,
831 3661 944 3719 delituit
968 3661 999 3718 in
1026 3660 1153 3735 quadam

160 3739 333 3817 cauponula,
348 3751 431 3815 atque
452 3739 493 3796 ibi
514 3759 544 3797 se
564 3740 726 3811 occultans,
745 3741 905 3816 perpotavit
925 3740 962 3796 ad
983 3752 1151 3813 vesperum:

161 3820 229 3878 inde
243 3818 315 3877 cisio
328 3818 467 3953 ⁰⁰¹⁰¹1itq⁶i
474 3819 511 3876 ad
525 3818 632 3877 Urbem
655 3819 803 3889 advectus,
818 3819 936 3877 domum
957 3815 1037 3887 venit
1057 3809 1153 3884 capite
