2692 4484
150 318 206 376 ¹52
444 314 582 366 ORATlO
603 314 642 365 IN
664 314 705 363 Μ,
725 313 933 365 ANTONIUM.

193 458 355 537 Lupercus,
368 468 401 518 ut
420 468 450 517 te
470 459 620 518 consulem
639 477 705 517 esse
719 457 887 517 meminisse
904 457 1040 539 deberes)
1056 457 1207 517 diadema

192 539 331 598 ostendis.
371 538 505 614 Gemitus
525 549 586 597 toto
609 537 679 597 soro.
728 537 815 596 Unde
838 537 997 596 diademal
1027 556 1089 596 non
1115 538 1204 596 enirn

194 617 340 695 abjectum
353 617 528 689 sustuleras3
549 617 601 676 sed
615 617 754 676 attuleras
767 616 854 675 domo
867 617 1037 675 meditatum
1061 626 1093 676 et
1117 618 1203 695 cogi·

194 708 285 755 tatum
299 697 402 755 scelus
444 696 494 755 Tu
509 696 645 755 diadema
658 695 827 773 imponebas
840 714 909 754 uum
922 696 1061 773 plangore
1074 697 1182 773 populi
1190 717 1200 769 3

162 776 243 834 cine
256 795 324 835 cum
336 776 441 853 plausu
453 775 612 852 rejiciebat
662 775 713 834 Tu
734 795 804 853 ergo
824 795 910 849 unus,
925 771 1076 847 scelerate,
1092 775 1199 834 inven-

193 865 240 913 tus
252 874 295 928 es,
309 855 369 932 qui,
383 852 453 914 cdm
468 865 568 913 auctor
581 854 665 932 regui
685 873 774 927 esses,
788 873 867 926 eum,
886 873 973 931 quem
987 855 1132 932 collegam
1144 856 1198 913 ha·

194 934 293 1008 bebas,
307 933 458 993 dominum
478 934 586 993 habere
601 934 705 1006 relles;
725 944 757 992 et
770 933 847 994 idem
865 943 1003 1006 tentares,
1017 934 1087 1010 quid
1100 954 1197 1012 popu·

193 1013 240 1071 lus
253 1013 407 1073 Rumanm
420 1014 495 1072 serre
508 1023 538 1072 et
550 1013 610 1091 pati
624 1023 729 1100 posset
1063 1049 1066 1056 «
1229 1067 1233 1076 ,

234 1093 276 1151 At
298 1093 387 1152 etiam
417 1093 645 1151 misericordiam
668 1092 824 1169 captabas:
851 1090 972 1168 supplex
992 1101 1021 1151 te
1042 1093 1080 1150 ad
1100 1093 1193 1169 pedes
1256 1135 1262 1146 .

146 1170 180 1224 10
194 1172 369 1248 adjiciebas:
402 1173 471 1250 quid
491 1173 615 1250 petensl
648 1182 682 1231 ut
708 1171 849 1232 serviresl
890 1170 962 1229 Tibi
988 1171 1039 1230 uni
1066 1181 1191 1249 peteres,

193 1251 242 1327 qui
256 1252 297 1310 ita
311 1271 328 1311 a
340 1271 429 1329 puero
442 1251 564 1324 vixeras,
578 1261 611 1310 ut
623 1251 723 1311 omnia
741 1265 883 1329 paterere,
897 1260 931 1309 ut
948 1249 1034 1310 facile
1048 1251 1190 1309 servires:

195 1330 309 1389 anobis
321 1331 483 1408 populoque
497 1330 633 1391 Romano
646 1331 816 1390 mandatum
822 1330 860 1390 id
881 1328 962 1389 certe
977 1350 1036 1389 non
1050 1331 1189 1389 habebas

194 1403 223 1467 O
237 1410 406 1486 preclaram
420 1411 499 1468 illam
513 1410 708 1487 eloquentiam
722 1421 812 1482 tuam,
827 1406 897 1468 ciam
910 1429 942 1468 ea
955 1409 1052 1468 nudus
1072 1411 1190 1468 concio-

194 1490 298 1548 natusl
338 1489 423 1552 Quid
451 1490 507 1548 hoc
527 1490 662 1567 turpiusl
695 1489 766 1567 quid
786 1489 912 1548 soediusl
946 1489 1015 1565 quid
1039 1490 1190 1566 suppliciis

147 1572 180 1625 15
193 1568 327 1627 omnibus
340 1569 479 1647 digniusl
519 1568 550 1627 N
552 1588 599 1627 um
620 1579 782 1646 exspectas,
796 1570 866 1627 dum
879 1579 909 1627 te
922 1568 1047 1626 stimulis
1061 1569 1189 1627 fodiaml

195 1647 259 1707 haro
272 1658 311 1721 te,
325 1648 351 1706 si
364 1650 452 1708 ullam
464 1658 577 1726 partem
590 1648 694 1707 sensim
707 1649 807 1721 habes,
822 1648 942 1719 lacerat,
956 1648 1021 1707 baec
1041 1658 1187 1721 cruentat,

193 1728 293 1787 oratio.
335 1729 455 1801 Vereor,
470 1748 508 1787 ne
527 1728 699 1808 imminuam
719 1729 843 1786 virorum
858 1746 1035 1798 summorum
1049 1727 1186 1804 gloriam:

194 1806 291 1864 dicam
311 1816 409 1865 tamen
429 1807 528 1866 dolore
552 1817 724 1865 commotus.
764 1807 846 1870 Quid
869 1805 1027 1884 indignius,
1041 1804 1128 1882 qudm
1148 1805 1188 1863 vi-

195 1904 261 1943 rere
275 1904 353 1957 eum,
363 1886 413 1961 qui
427 1886 596 1962 imposuerit
608 1886 754 1958 diadema,
767 1884 836 1945 cum
849 1905 951 1945 omnes
965 1886 1110 1948 fateantur
1119 1885 1186 1962 jure

143 1969 180 2024 20
194 1964 378 2023 intersectum
393 1984 466 2037 esse,
478 1966 529 2041 qui
543 1964 705 2042 abjeceritl

133 2115 135 2118 ⁸
233 2047 276 2104 At
288 2045 375 2103 etiam
394 2044 520 2103 adscribi
538 2044 624 2122 jussit
648 2044 680 2103 in
704 2044 800 2103 Fastis
822 2045 859 2103 ad
879 2044 1064 2121 Lupercalia,
1079 2062 1106 2122 c„
1127 2062 1187 2101 urs·

193 2143 455 2196 eenamcenam
469 2143 641 2198 namurco,
655 2143 690 2182 ar.
704 2142 878 2196 annuarum,
893 2142 1186 2195 cousunmr,rorun1

192 2222 445 2275 russurrensis
466 2222 652 2274 narunrsss3
674 2221 826 2262 cussanus
850 2222 903 2263 nur
917 2222 1075 2262 uonurssa.
1117 2202 1186 2260 Jam

190 2282 252 2359 jam
265 2282 385 2342 minime
399 2284 498 2356 miror,
512 2294 541 2341 te
554 2283 646 2342 otium
668 2283 855 2359 perturbare:
884 2302 942 2341 non
967 2281 1053 2340 modd
1077 2281 1187 2340 Urbem

142 2361 179 2417 25
193 2362 299 2434 odisse,
314 2363 365 2420 sed
389 2364 477 2422 etiam
499 2364 612 2433 lucem3
634 2381 702 2420 oum
725 2362 926 2439 perditissimis
946 2361 1107 2420 latronibus
1127 2365 1188 2420 non

193 2439 286 2499 solum
307 2442 344 2499 de
365 2442 422 2514 die,
444 2442 603 2500 sedetiam
624 2441 654 2499 in
675 2441 763 2513 diem,
777 2442 881 2500 rivere.
919 2439 980 2499 Ubi
1000 2440 1079 2499 enim
1100 2451 1132 2499 tu
1156 2441 1186 2498 in

192 2537 266 2595 pace
280 2519 440 2578 consistest
460 2519 509 2595 qui
531 2521 613 2579 locus
625 2520 679 2578 tibi
692 2521 723 2578 in
744 2521 858 2598 legibus
880 2530 910 2578 et
931 2520 961 2577 in
983 2520 1102 2597 judiciis
1123 2539 1187 2578 esse

229 2607 295 2668 test,
308 2615 372 2672 quae
386 2608 428 2670 tu,
443 2609 584 2675 quantum
598 2600 628 2657 in
642 2610 671 2657 te
686 2600 750 2672 fuit,
764 2601 913 2658 dominatu
926 2599 1007 2676 regio
1026 2598 1187 2657 sustulisti?

209 2676 301 2734 deone
315 2674 349 2734 L.
365 2675 543 2754 Tarquinius
557 2690 687 2751 exactus,
703 2681 753 2756 Sp.
768 2680 898 2752 Cassius,
913 2679 1031 2751 Melius,
1043 2677 1085 2735 M.
1100 2677 1188 2736 Man·

141 2768 177 2823 30
191 2755 258 2826 lius,
272 2755 379 2825 necati,
394 2766 436 2828 ut,
450 2757 548 2815 multis
568 2756 634 2834 post
655 2760 780 2831 seculis,
795 2778 812 2817 a
833 2758 876 2818 M.
891 2758 1030 2830 Antonio,
1045 2757 1121 2834 quod
1142 2757 1188 2816 sas

191 2853 250 2971 pou
271 2845 326 2900 est,
347 2854 399 2893 rex
425 2835 529 2894 Romae
557 2838 804 2897 constituereturl
844 2839 904 2896 Sed
928 2839 965 2896 ad
994 2837 1125 2914 auspicia
1144 2856 1189 2895 re·

211 2932 319 2971 eamus.
525 2971 527 2974 .

230 2992 361 3052 XXXV.
403 2994 567 3072 Dequibus
584 2995 671 3055 rebus
693 2996 795 3054 Idibus
817 2995 931 3056 Martiis
953 2995 1006 3054 luit
1027 2995 1058 3054 in
1082 3003 1186 3053 senatu

191 3073 290 3133 Caesar
304 3084 431 3149 aeturus,
445 3095 552 3153 quaero,
566 3085 628 3133 tum
649 3086 681 3133 tu
701 3076 771 3151 quid
784 3075 903 3153 egisses.
944 3074 1112 3136 Audiebam
1125 3074 1187 3150 qui·

139 3162 176 3218 35
190 3154 257 3212 dem
270 3165 299 3214 te
312 3161 444 3233 paratum
457 3155 580 3228 venisse,
594 3153 672 3232 qubd
694 3174 741 3213 me
754 3154 792 3213 de
804 3154 951 3213 ementitis
965 3154 1112 3231 auspiciis,
1126 3153 1187 3230 qui·

190 3232 245 3292 bus
258 3245 355 3294 tamen
368 3254 470 3312 parere
484 3254 606 3294 necesse
620 3245 691 3306 erat,
704 3244 821 3311 putares
834 3254 898 3293 esse
919 3234 1075 3308 dicturum.
1117 3234 1187 3291 Sus-

189 3314 256 3370 tulit
269 3314 349 3372 illum
368 3315 446 3373 diem
468 3315 582 3373 fortuna
601 3314 700 3391 populi
721 3314 859 3374 Romani.
900 3313 982 3372 Num
995 3313 1084 3372 etiam
1104 3322 1186 3369 tuum

190 3390 227 3447 de
242 3392 378 3466 auspiciis
398 3392 542 3468 judicium
557 3394 691 3451 interitus
706 3393 832 3452 Cesaris
845 3393 980 3452 sustulit‘l
1021 3392 1081 3450 Sed
1095 3390 1186 3449 incidi

190 3467 220 3524 in
242 3467 271 3524 id
291 3483 415 3545 tempus,
437 3473 513 3547 quod
535 3472 570 3530 iis
590 3472 688 3544 rebus,
709 3472 740 3529 in
760 3492 832 3548 quas
852 3473 983 3550 ingressa
1002 3481 1065 3531 erat
1082 3470 1186 3542 oratic,

140 3556 176 3610 4ο
189 3547 420 3622 praevertendum
441 3560 573 3608 nonest.
613 3549 693 3612 Quae
720 3560 771 3618 tua
792 3553 883 3630 sogal
903 3572 967 3629 quae
988 3550 1110 3610 formido
1137 3549 1187 3607 illo

190 3624 258 3682 diel
278 3643 351 3699 quae,
372 3637 487 3702 propter
509 3628 718 3686 conscientiam
739 3632 893 3703 scelerum,
915 3631 1078 3709 desperatio
1101 3629 1186 3687 vitet

190 3700 259 3764 crim
279 3722 316 3762 ex
336 3704 386 3763 illa
406 3705 486 3782 fugi,
507 3705 651 3765 beneficio
671 3726 782 3781 eorum,
802 3712 852 3787 qui
879 3721 919 3783 te,
933 3712 958 3770 si
981 3730 1071 3771 sanus
1097 3726 1186 3781 esses,

190 3784 300 3844 salvum
313 3802 378 3844 esse
391 3784 554 3857 voluerunt,
568 3783 644 3845 oldm
658 3797 688 3845 te
702 3786 820 3849 domum
833 3790 979 3867 recepisti.
