2692 4484
372 311 520 377 cimmo.
531 310 606 379 mro¹
621 308 764 369 sucum
786 306 914 357 rosus.
1148 315 1189 372 95

267 388 278 429 '.
307 394 341 435 ἰ
399 379 603 429 'ttxv'wil'rt'c
636 378 676 425 ul
947 400 959 425 c

143 471 176 520 et
191 378 507 535 disseritisledgmis
520 454 672 524 exstitisse,
684 454 792 510 sateor:
813 449 987 540 etiamgllud
1003 449 1144 527 adjungo,

143 560 187 598 sae
208 541 252 596 ius
265 540 307 595 ad
336 538 453 595 laudem
474 546 560 625 atque
580 534 716 595 virtutem
743 540 875 588 naturam
904 548 971 586 sme
995 528 1139 601 doctrine,

79 616 93 623 ”
143 561 234 695 qudm
254 618 316 675 sine
334 614 438 675 naturd
452 613 577 671 valuisse
590 610 760 669 doctrinam.
772 636 780 685 r
801 612 898 687 Atque
911 609 989 667 idem
1003 629 1059 685 ego
1073 627 1141 666 con·

143 694 327 769 tendo,ci1m
347 696 385 753 ad
405 704 540 752 naturam
559 689 696 747 eximiam
717 688 960 763 atque‘illustrem
981 687 1140 755 accesserit

143 777 220 834 rati0
233 776 366 851 quedam
380 770 624 844 conformatioque
638 767 786 849 doctrine,
800 778 861 849 tum
874 767 946 824 illud
959 766 1059 825 nescio
1068 767 1139 843 quid
1173 760 1192 813 5

143 855 317 931 preclarum
338 872 374 910 ac
393 851 541 928 singulare
561 845 652 904 solere
667 844 884 912 ‘ememtes
902 847 958 903 hoc
977 865 1041 904 esse
1059 846 1139 903 bunc
1189 852 1193 859 '

144 952 278 1004 numero,
302 949 390 1008 quem
417 941 514 1006 patres
543 925 633 983 nostri
660 924 802 995 viderunt,
824 925 952 982 diuinum
980 925 1137 996 bominem,

146 1012 341 1083 Africanum
355 1029 399 1067 ‚ex
417 1010 474 1065 hoc
494 1006 529 1063 O.
551 1003 684 1074 Lelium,
698 1002 731 1059 L.
747 1002 877 1074 Furium,
897 1003 1138 1063 moderatissimos
1222 1065 1225 1069 ,

146 1091 281 1149 homines
301 1099 331 1145 et
351 1083 628 1150 continentissimum
651 1101 688 1139 ex
708 1082 764 1138 boc
783 1082 967 1145 fortissimum
986 1082 1088 1153 virum,
1108 1094 1138 1140 et

148 1168 209 1226 illis
236 1166 412 1242 temporibus
438 1162 644 1231 doctissimum,
670 1159 713 1217 M.
739 1160 880 1218 Catonem
913 1160 995 1216 illum
1021 1180 1136 1231 senem;
1157 1160 1190 1211 '10

149 1247 212 1320 qui,
233 1242 372 1321 profecte,
393 1243 418 1300 si
445 1241 517 1299 nihil
547 1240 584 1297 ad
609 1239 825 1315 percipiendam
853 1237 1060 1314 colendamque
1085 1241 1139 1298 vir·

152 1332 245 1380 tutem
272 1323 362 1381 literis
388 1322 597 1397 adjuvarentur,
617 1336 766 1393 nunquam
785 1337 817 1374 se
838 1317 875 1374 ad
894 1336 993 1374 earum
1013 1319 1139 1376 studium

153 1402 350 1459 contulissent
955 1440 957 1448 ι

192 1478 283 1541 Qusd
301 1480 399 1537 sinon
417 1479 465 1537 hic
483 1486 580 1535 tantus
597 1478 710 1536 fructus
728 1476 938 1549 ostenderetur,
952 1489 982 1532 et
999 1476 1024 1533 si
1041 1497 1077 1534 ex
1093 1478 1139 1534 his

151 1558 254 1615 studiis
267 1557 420 1635 delectatio
433 1557 493 1615 sola
505 1566 668 1633 peteretur;
690 1564 788 1612 tamen
803 1553 850 1634 (ut
861 1554 975 1633 o'pinor)
990 1556 1066 1613 hanc
1080 1556 1148 1614 ani-¹
1158 1560 1190 1614 15

151 1637 190 1693 mi
206 1634 429 1716 [remissionem]
446 1634 685 1694 humanissimam
700 1653 735 1691 ac
748 1633 981 1692 liberalissimam
998 1633 1152 1715 judicare-¹
1191 1652 1193 1657 ’

116 1718 134 1749 Χ
149 1714 195 1771 tis.
235 1713 314 1773 Nam
332 1725 437 1774 cetera
456 1734 551 1790 neque
568 1724 730 1791 temporum
747 1722 815 1770 sunt
831 1730 927 1786 neque
947 1710 1063 1769 aetatum
1082 1732 1140 1771 om·

149 1793 240 1865 nium,
260 1813 354 1870 neque
383 1794 529 1853 locorum:
560 1794 625 1851 heo
654 1792 751 1849 studia
771 1791 996 1849 adolescentiam
1018 1789 1135 1871 [alunt]

149 1882 328 1931 senectutem
346 1873 504 1944 oblectant,
518 1872 662 1930 secundas
682 1889 729 1927 res
747 1881 861 1940 ornant,
876 1869 1002 1927 adversis
1016 1871 1139 1947 perfugi·

150 1968 199 2008 um
213 1970 249 2010 ac
261 1951 396 2010 solatium
407 1952 546 2028 prebent,
557 1951 703 2008 delectant
717 1950 803 2021 domI,
818 1969 875 2035 pon
890 1948 1049 2031 impediunt
1062 1950 1139 2020 loris,
1156 1952 1192 2004 20

67 2093 71 2097 ¹
149 2040 318 2106 pernoctant
343 2031 505 2099 nobiscum,
524 2029 754 2105 peregrinantur,
774 2026 960 2086 rusticantur.
1000 2027 1093 2089 (tund
1116 2028 1140 2085 si

151 2106 205 2184 Ipsi
218 2109 385 2186 hecusque
400 2108 541 2184 attingere
550 2126 644 2183 neque
654 2126 741 2164 sensu
751 2117 847 2183 nostro
857 2117 974 2183 gustare
983 2125 1139 2182 possemus,

151 2196 249 2243 tamen
263 2205 300 2244 ea
312 2187 411 2244 mirari
424 2186 605 2256 deberemus,
619 2185 707 2243 etiam
721 2183 789 2243 clun
804 2186 834 2244 in
849 2185 913 2244 aliis
926 2185 1096 2243 videremus.

191 2264 279 2322 VIII.
312 2265 391 2327 (tuis
411 2264 540 2323 nostrum
560 2274 620 2321 tam
641 2264 737 2322 animo
756 2265 861 2341 agresti
883 2284 918 2322 ac
938 2265 1011 2322 duro
1032 2264 1094 2335 fuit,
1108 2275 1140 2323 ut

86 2352 89 2359 '
113 2354 117 2358 ’
152 2342 256 2401 Roscii
269 2353 359 2401 morte
372 2363 463 2420 nuper
477 2363 534 2401 non
553 2345 799 2402 commovereturl
819 2344 868 2419 qui
882 2340 950 2402 crim
964 2354 1040 2401 esset
1054 2363 1141 2402 senex
1156 2352 1191 2405 25

152 2432 290 2493 mortuus,
310 2432 417 2493 tamen,
437 2432 550 2499 propter
573 2422 764 2480 excellentem
784 2432 873 2480 artem
894 2422 929 2479 ec
949 2431 1138 2494 venustatem,

151 2501 301 2558 videbatur
323 2501 441 2559 omnino
466 2501 538 2559 mori
564 2521 623 2559 uon
649 2500 792 2558 debuisse.
833 2501 912 2578 Ergo
937 2501 987 2558 ille
1014 2502 1139 2577 corporis
1169 2517 1176 2529 ⁸

151 2590 230 2638 motu
251 2588 362 2637 tantum
380 2591 506 2638 amorem
524 2580 579 2637 sibi
596 2579 767 2638 concilidrat
786 2598 803 2637 a
820 2580 902 2638 nobis
914 2579 1064 2650 omnibus3
1085 2601 1138 2639 nos

20 2661 28 2677 ⁹
49 2699 53 2704 -
152 2659 312 2717 animorum
325 2658 509 2717 incredibiles
523 2668 616 2716 motus
629 2658 863 2733 celeritatemque
877 2658 1057 2735 ingeniorum
1070 2679 1139 2735 neg-

151 2737 294 2814 ligemusl
327 2737 453 2809 Quoties
473 2758 528 2815 ego
554 2738 634 2795 bunc
660 2737 802 2795 Archiam
821 2737 890 2808 vidi,
914 2738 1038 2813 judices,
1060 2737 1138 2815 (utar
1154 2743 1191 2798 30

151 2817 228 2874 enim
248 2817 342 2874 vestri
361 2817 550 2893 benignitate,
572 2816 709 2892 quoniam
730 2835 788 2886 me,
810 2818 840 2873 in
862 2817 918 2874 boc
938 2836 1011 2875 novo
1031 2816 1137 2893 genere

152 2894 277 2967 dicendi,
292 2905 351 2952 tam
365 2896 517 2971 diligenter
531 2895 692 2972 attenditis)
708 2895 819 2970 quoties
833 2914 887 2972 ego
900 2895 978 2953 hunc
991 2895 1060 2966 vidi,
1071 2894 1139 2953 crim

152 2972 264 3031 literam
290 2974 449 3049 scripsisset
474 2974 593 3045 nullam,
620 2992 760 3050 magnum
790 2992 942 3031 numerum
967 2975 1138 3050 optimorum

71 3108 72 3113 χ
154 3069 287 3108 versuum
306 3052 343 3108 de
363 3052 408 3108 his
428 3052 496 3127 ipsis
516 3052 602 3109 rebus
621 3071 685 3127 quie
712 3062 774 3109 tum
803 3062 965 3128 agerentur,
986 3052 1084 3110 dicere
1104 3073 1140 3110 ex

154 3130 295 3203 tempore!
316 3129 426 3205 quoties
440 3139 604 3188 revocatum
624 3131 747 3188 eandem
761 3150 822 3188 rem
837 3130 945 3200 dicere,
959 3131 1140 3188 commutatis
1156 3129 1217 3189 3⁵²

155 3206 248 3264 verbis
262 3217 346 3283 atque
359 3208 525 3266 sententiis!
547 3227 610 3283 quae
623 3207 691 3266 verb
707 3208 843 3267 accurate
859 3207 1041 3285 cogitateque
1054 3211 1140 3286 scrip

154 3284 246 3356 sisset,
260 3305 297 3343 ea
315 3286 359 3344 sic
379 3286 438 3343 vidi
456 3288 580 3362 probari,
594 3297 627 3345 ut
646 3287 682 3344 ad
700 3297 828 3345 veterum
842 3288 1011 3364 scriptorum
1024 3288 1138 3346 laudem

99 3394 103 3399 -
129 3365 341 3441 pervenirent.
383 3364 473 3424 Hunc
493 3385 548 3441 ego
575 3386 632 3424 non
653 3365 795 3441 diligaml
828 3387 886 3424 non
900 3366 1050 3424 'admberl
1080 3387 1137 3425 non

151 3443 228 3501 omni
242 3444 352 3502 ratione
366 3444 580 3501 defendendum
593 3446 712 3520 putem?

190 3522 280 3597 Atqui
303 3522 347 3580 sic
367 3541 385 3579 a
404 3522 524 3580 summis
551 3523 715 3581 hominibus
742 3523 997 3607 eruffitisumisque
1025 3527 1138 3603 accepi·
1154 3526 1189 3578 40

153 3618 224 3672 mus,
245 3612 414 3660 ceterarum
436 3620 533 3660 rerum
554 3601 660 3673 studia,
681 3612 711 3659 et
730 3596 871 3674 doctrine,
886 3605 1094 3681 et'praeceptis,
1108 3614 1138 3665 et

100 3692 103 3697 ⁴
154 3688 214 3736 arte
233 3680 378 3751 constaret
395 3685 515 3756 ‚poetam
535 3681 640 3740 naturai
660 3681 722 3757 ipsi
736 3681 841 3753 valere,
856 3692 891 3749 et.
904 3683 1010 3745 mentis
1029 3680 1138 3740 viribus

153 3758 281 3829 excitari,
295 3768 324 3816 et
342 3760 423 3835 quasi
444 3760 541 3819 divino
560 3760 685 3835 quodam
705 3761 805 3836 spiritu
826 3758 930 3819 inflari.
970 3761 1073 3822 Quare
1087 3778 1140 3816 suo

151 3835 215 3912 jure
234 3846 329 3895 noster
348 3838 396 3895 ille
416 3838 530 3897 Ennius
549 3839 675 3897 sanctos·
686 3839 808 3914 appellat
829 3843 940 3911 poetas,
959 3835 1037 3910 qubd
1056 3836 1138 3909 quasi
