2692 4484
414 298 551 349 ORATIO
572 297 611 348 IN
633 297 671 346 M.
694 295 900 347 ANTONIUM.
1147 297 1207 358 139

161 444 323 521 respublica
346 454 495 502 auctores:
527 462 582 520 ego
604 452 634 500 te
654 439 769 499 tantiim
789 440 918 517 gaudere
939 439 1024 510 dico;
1052 439 1157 498 secisse

162 545 220 583 non
235 543 330 601 arguo.
371 522 523 598 Respondi
537 521 671 579 maximis
692 519 881 577 criminibus
902 539 984 578 nunc
1005 518 1093 577 etiarn
1114 539 1158 576 re·

160 603 248 679 liquis
260 603 494 678 respondendum
508 611 560 659 est.
1228 663 1235 676 ‚

200 683 266 740 XV.
302 682 407 740 Castra
421 681 493 738 mihi
507 678 649 755 Pompeii,
665 687 753 753 atque
767 676 838 734 illud
862 697 947 737 omne
968 688 1093 755 tempus,
1108 677 1158 736 ob-

157 761 261 838 jecisti
302 762 373 824 Quo
387 761 504 837 quidem
527 769 655 835 tempore
669 756 695 814 si
720 754 766 833 (ut
789 755 861 836 dixi)
883 776 980 815 meum
1002 757 1157 816 consilium
1188 758 1208 814 5

161 841 373 917 auctoritasque
387 840 542 909 valuisset3
564 848 596 894 tu
610 836 696 894 hodie
711 855 828 913 egeres;
850 856 902 894 nos
911 837 995 895 liberi
1006 856 1155 908 essemus;

159 919 325 1011 respublica
351 940 410 978 non
436 928 478 975 tot
501 918 591 974 duces
612 925 641 973 et
670 915 815 973 exercitus
845 915 994 973 amisisset.
1048 916 1156 974 Fateor

159 1001 249 1071 enim,
263 1019 321 1070 me,
333 1018 402 1056 cum
416 1016 461 1068 ea,
476 1015 539 1072 quae
562 994 741 1065 acciderunt,
755 993 934 1085 providerem
955 995 1059 1067 sutura,
1073 997 1156 1054 tantd

159 1078 191 1135 in
205 1046 342 1135 mdestitia
357 1077 455 1145 fuisse,
469 1074 579 1150 quanta
593 1073 691 1131 caeteri
714 1073 815 1148 optimi
839 1074 926 1144 cives,
942 1073 967 1131 si
990 1075 1068 1131 idem
1090 1095 1156 1151 pro·

160 1157 311 1225 vidissent,
343 1155 471 1212 fuissent.
513 1154 665 1223 Dolebam‚
693 1152 834 1226 dolebam,
855 1120 957 1211 Patics
981 1153 1205 1231 Conscripti,10

162 1201 383 1309 rempublicam,
407 1232 508 1290 vestris
531 1234 676 1308 quondam
701 1231 829 1307 meisque
854 1232 983 1290 consiliis
1006 1253 1154 1302 conserva·

164 1323 234 1384 tam,
249 1314 329 1370 brevi
352 1322 479 1388 tempore
501 1331 565 1370 esse
586 1312 751 1389 perituram.
793 1310 899 1401 Neque
914 1310 981 1369 vero
996 1331 1074 1370 eram
1094 1325 1154 1371 tam

164 1391 319 1450 indoctus
312 1411 484 1468 ignarusque
499 1409 604 1462 rerum,
629 1400 661 1449 ut
686 1387 834 1468 frangerer
849 1390 945 1450 animo
964 1402 1076 1468 propter
1090 1393 1155 1452 vitae

157 1471 361 1555 cupiditatem,
377 1490 439 1545 quae
453 1490 499 1529 me
514 1490 634 1529 manens
658 1470 815 1528 conficeret
839 1471 1003 1561 angoribus,
1028 1472 1154 1544 dimissa,
1214 1532 1221 1542 ,

157 1547 299 1608 molestiis
312 1550 444 1607 omnibus
457 1549 600 1607 liberaret.
643 1549 712 1608 Illos
732 1568 787 1627 ego
809 1549 1057 1627 prestantissimcs
1070 1552 1154 1625 viros,
1171 1557 1205 1610 15

161 1623 271 1687 lumine
284 1628 498 1705 reipublicae‚
474 1649 570 1687 vivere
583 1628 725 1701 volebam,
740 1639 781 1687 tot
805 1629 981 1701 consulares,
996 1639 1037 1688 tot
1055 1641 1157 1706 praeto·

161 1708 226 1779 rios,
258 1718 299 1767 tot
326 1708 541 1767 honestissimos
561 1718 719 1780 senatores,
743 1727 860 1767 omnem
890 1717 1031 1784 praeterea
1057 1708 1156 1767 florem

160 1755 317 1845 nobilitatis
338 1806 373 1846 ac
393 1787 563 1865 juventutis,
586 1798 649 1845 tum
669 1787 842 1863 optimorum
854 1788 972 1845 civium
993 1787 1154 1846 exercitus:

99 1938 103 1944 q
161 1866 210 1941 qui
224 1867 249 1923 si
261 1867 399 1938 viverent,
414 1867 544 1943 quamvis
559 1867 658 1943 iniqua
679 1867 844 1925 conditione
864 1867 956 1943 pacis,
972 1865 1057 1943 (mihi
1077 1867 1155 1925 enim

160 1946 253 2004 omnis
266 1965 323 2022 pax
337 1965 404 2004 cum
418 1947 530 2004 civibus
543 1947 620 2005 bello
633 1946 712 2004 civili
733 1946 830 2005 utilior
843 1946 1008 2025 videbatur)
1024 1946 1157 2022 rempub-
1169 1944 1205 2000 20

121 2085 124 2089 ,
161 2023 249 2082 licam
263 2026 348 2083 hodie
361 2035 535 2083 teneremus.
576 2025 654 2087 Quae
678 2025 822 2084 sententia
835 2024 860 2083 si
875 2025 1021 2096 valuisset,
1043 2044 1078 2082 ac
1098 2045 1156 2083 non

162 2100 183 2159 ii
197 2103 321 2162 maxime
335 2105 416 2175 mihi,
431 2122 601 2181 quorum
566 2122 620 2161 etro
643 2104 708 2161 vitae
731 2105 928 2176 consulebam,
953 2123 1004 2179 spe
1028 2104 1158 2162 victoriae

162 2182 241 2253 elati,
255 2182 446 2252 obstitissent3
468 2192 500 2238 ut
514 2182 571 2240 alia
584 2183 724 2254 omittam,
738 2193 769 2241 tu
785 2183 865 2242 certe
890 2203 1040 2259 nunqnam
1055 2184 1085 2241 in
1100 2185 1154 2242 hoc
1187 2190 1196 2204 '

161 2228 273 2332 ordiris,
287 2261 332 2319 vel
345 2260 440 2338 potiris
454 2261 493 2318 in
499 2263 555 2318 hac
569 2262 650 2333 urbe,
665 2262 827 2321 mansisses.

202 2341 245 2398 At
258 2339 326 2398 verb
341 2341 396 2398 Cn.
412 2340 541 2417 Pompeii
564 2307 771 2399 voluiitatema
794 2361 841 2400 me
864 2342 1047 2400 abalienabat
1065 2341 1204 2405 orati025
1260 2341 1262 2344 ¹
1343 2321 1344 2334 .

161 2439 234 2477 mea
278 2420 327 2477 An
342 2419 391 2478 ille
405 2438 569 2494 quenquam
592 2418 658 2496 pliis
682 2421 805 2479 dilexitl
826 2441 893 2479 cuin
914 2421 973 2479 ullo
988 2431 1037 2478 aut
1051 2441 1156 2480 seimo-

160 2518 214 2557 nes
229 2508 283 2557 aut
293 2498 413 2557 consilia
427 2498 549 2558 contulit
563 2498 690 2590 saepiusl
711 2501 787 2575 quod
801 2501 917 2576 quidem
931 2511 993 2559 erat
1007 2519 1154 2591 magnum,

159 2578 195 2636 de
210 2597 323 2635 summa
337 2598 368 2636 re
382 2575 616 2650 dissentientes,
609 2598 638 2636 ιιι
653 2579 758 2637 eidem
782 2581 990 2638 consuetudine
1016 2580 1153 2638 amicitiai

158 2676 338 2747 permanere.
381 2657 439 2715 Sed
454 2668 483 2715 et
496 2678 560 2736 ego,
575 2657 644 2732 quid
658 2658 718 2731 ille,
733 2668 762 2717 et
782 2658 882 2717 contra
902 2659 960 2731 ille,
975 2659 1044 2734 quid
1057 2679 1112 2750 ego
1125 2669 1155 2718 et

157 2736 296 2794 sentirem
319 2746 349 2795 et
375 2747 547 2812 spectarem,
571 2737 696 2795 videbat
738 2738 802 2815 Ego
828 2739 1019 2797 incolumitati
1047 2738 1203 2799 civiumao

158 2814 292 2892 primum,
320 2825 349 2874 et
371 2827 471 2891 postea
495 2817 646 2893 dignitati3
668 2816 718 2875 ille
746 2827 881 2893 praesenti
903 2819 1037 2895 dignitati
1057 2818 1154 2894 potius

158 2895 334 2953 consulebat.
375 2894 468 2957 Quod
483 2906 578 2954 autem
592 2896 719 2954 habebat
732 2907 853 2972 uterque
877 2898 952 2973 quod
976 2907 1153 2973 sequeretur,

159 2973 270 3033 idcirco
295 2974 470 3032 tolerabilior
497 2985 559 3033 erat
585 2985 683 3033 nostra
709 2975 858 3033 dissensio.
912 2975 995 3037 Quid
1015 2975 1083 3034 verb
1105 2976 1154 3034 ille

158 3052 353 3130 singularis
327 3072 380 3123 vir,
402 3071 437 3109 ac
459 3052 534 3129 pene
556 3053 680 3126 divinus,
696 3054 732 3112 de
756 3074 803 3112 me
828 3054 960 3126 senserit,
984 3054 1089 3125 sciunt,
1105 3055 1154 3130 qui

160 3151 227 3189 eum
242 3132 279 3188 de
292 3131 460 3188 Pharsalici
475 3132 544 3209 suga
564 3133 696 3208 Paphum
716 3133 862 3208 prosecuti
878 3143 953 3190 sunt.
994 3133 1153 3207 Nunquam
1166 3133 1201 3188 35

160 3210 197 3267 ab
211 3230 246 3268 eo
259 3210 368 3268 mentio
391 3211 427 3267 de
450 3229 506 3281 me,
531 3211 587 3268 nisi
611 3212 778 3284 honorifica,
802 3212 858 3270 nisi
878 3213 965 3288 plena
987 3211 1153 3270 amicissimi

159 3288 314 3359 desiderii3
336 3288 404 3346 clim
418 3307 464 3346 me
479 3256 583 3347 vidisse
607 3290 672 3366 plus
697 3258 842 3363 faterbtui,
858 3311 890 3349 sc
915 3292 1073 3381 speravisse
1093 3311 1153 3349 me-
1204 3310 1207 3320 ·

159 3368 237 3426 liora.
280 3368 319 3426 Et
343 3369 405 3444 ejus
429 3368 482 3425 viri
506 3369 622 3427 nominc
646 3387 693 3427 me
717 3370 853 3429 insectari
878 3372 977 3442 audes,
1002 3370 1084 3464 cujus
1104 3390 1151 3429 me

159 3447 294 3518 amicum,
309 3458 338 3505 te
353 3457 504 3518 sectorem,
520 3467 583 3506 esse
598 3448 638 3509 fat
639 3451 728 3507 earel
1276 3516 1278 3522 ¹

196 3526 280 3584 XVI.
303 3527 362 3584 Sed
376 3526 434 3584 omi
436 3536 490 3584 ttta
479 3537 525 3584 tur
539 3527 645 3585 bellum
670 3527 774 3599 illud,
766 3548 796 3586 in
821 3538 922 3604 quotu
945 3526 1067 3587 nimium
1082 3528 1150 3587 felix
1162 3537 1197 3591 40

159 3605 244 3662 fuisti.
286 3605 367 3663 Ne
357 3606 430 3681 Jocis
454 3606 571 3681 quidem
595 3608 782 3681 respondebo,
807 3609 911 3683 quibus
935 3627 981 3666 mc
1002 3608 1150 3666 incastris

159 3703 241 3741 usum
265 3705 327 3742 esse
351 3685 453 3742 dixisti.
497 3686 588 3743 Erant
611 3684 661 3742 illa
685 3687 801 3761 quidem
826 3698 921 3746 castra
942 3689 1031 3764 plena
1051 3706 1148 3744 cuiae:
1215 3712 1219 3719 ·

159 3773 343 3821 veruntamen
357 3764 496 3835 homineS,
511 3765 641 3839 quamvis
665 3765 695 3823 in
709 3767 832 3824 turbidis
855 3768 943 3824 rebus
957 3768 1024 3834 sint,
1038 3774 1147 3828 tamen,
