2692 4484
99 280 102 286 ’
152 298 210 358 132
456 294 593 348 enarro
614 294 653 346 ru
675 272 941 345 u1anromuu.

237 429 285 497 V'.
309 441 368 498 Sed
382 439 450 498 ciam
470 438 551 512 mihi,
579 438 680 498 Patres
702 438 879 514 conscripti,
903 449 932 497 et
945 460 997 517 pro
1010 460 1057 501 me
1072 443 1195 519 aliquid,

198 528 229 576 et
241 517 272 577 in
285 517 328 576 M.
343 519 503 577 Antonium
516 520 608 577 multa
620 517 747 577 dicenda
760 517 834 588 sint3
857 517 979 576 alterum
990 531 1059 596 pato
1073 523 1195 598 avobis,

198 611 231 655 ut
244 616 300 669 me,
314 618 365 675 pro
377 617 424 656 me
438 598 593 670 dicentem,
607 595 752 674 benignd3
774 597 897 654 alterum
917 596 977 674 ipse
998 600 1135 674 efficiam,
1152 612 1196 676 ut,

199 686 299 736 contra
312 676 393 734 illum
407 675 475 734 cirm
489 676 595 749 dicam,
611 674 720 735 attente
743 675 875 734 audiatis.
918 675 1012 735 Simul
1026 679 1100 737 illud
1120 701 1174 741 oro
1188 701 1195 740 ε

166 770 184 823 5
198 756 223 813 si
235 773 340 827 meam,
355 753 423 814 cirm
438 755 468 814 in
488 756 568 813 omni
592 755 660 826 vitai,
674 765 737 813 tum
761 755 791 814 in
815 755 949 827 dicendo,
964 757 1195 819 moderationem

198 834 424 910 modestiamque
447 833 603 912 cogndstis,
627 854 665 893 ne
687 853 734 892 me
750 833 853 905 bodie,
868 830 938 892 cirm
961 834 1019 907 isti,
1038 845 1070 893 ut
1091 857 1195 913 provo-

198 913 284 984 cavit,
297 914 480 989 respondero,
503 913 623 972 oblitum
645 933 710 971 esse
731 912 838 990 putetis
859 913 926 970 mei.
968 911 1037 972 Non
1060 919 1194 977 tractabo

198 1003 230 1052 ut
243 993 410 1064 consulem3
431 1013 469 1052 ne
492 992 540 1050 ille
564 992 682 1068 quidem
703 1012 751 1050 me
774 1001 806 1050 ut
830 992 1022 1051 consularem.
1063 994 1128 1052 Etsi
1142 997 1194 1054 ille

198 1072 381 1131 nullomodo
401 1072 511 1143 consul,
538 1073 582 1129 vel
609 1070 689 1148 quod
715 1067 757 1128 ita
783 1070 862 1141 vivit,
891 1070 934 1129 rel
963 1069 1041 1146 quod
1068 1072 1110 1131 ita
1129 1094 1192 1132 rem

151 1158 184 1214 1⁰
197 1151 344 1227 publicam
358 1152 442 1241 gerit,
456 1152 500 1209 vel
514 1149 593 1227 qudd
606 1150 648 1208 ita
661 1150 756 1224 lactus
769 1159 813 1208 est
833 1149 954 1208 consul:
975 1170 1039 1227 ego,
1054 1151 1118 1210 sine
1131 1153 1192 1210 ulla

198 1230 401 1302 commercii,
416 1229 583 1289 consularis.
693 1304 694 1307 Ἴ

238 1309 278 1367 Ut
291 1309 378 1386 igitur
392 1309 599 1387 intelligeretis,
614 1307 729 1383 qualem
744 1306 805 1383 ipse
828 1326 859 1364 se
884 1307 1032 1377 consulem
1045 1310 1193 1385 profitere·

198 1397 254 1461 tur,
268 1389 374 1465 objecit
387 1388 459 1446 mihi
473 1389 654 1446 consulatum
667 1405 774 1444 meum.
814 1384 879 1448 Qui
903 1386 1080 1459 consulatus,
1102 1391 1192 1449 verbo

198 1486 289 1539 meus,
313 1468 414 1527 Patres
435 1467 609 1544 conscripti,
636 1486 669 1524 re
695 1475 788 1523 vester
815 1463 877 1523 fuit.
918 1463 1002 1526 Quid
1029 1467 1108 1525 enim
1134 1481 1206 1546 ego'

150 1550 184 1603 15
199 1546 343 1619 constitui,
358 1546 427 1623 quid
440 1545 526 1623 gessi,
541 1545 610 1621 quid
624 1544 682 1622 egi,
696 1543 803 1602 nisiex
821 1543 908 1620 hujus
930 1544 1040 1606 ordinis
1059 1547 1190 1621 consilio,
1235 1546 1239 1554 '

199 1625 379 1697 auctoritate,
393 1625 557 1702 sententiali
599 1624 674 1682 Haec
697 1633 739 1694 tu,
758 1624 844 1681 homo
866 1621 991 1698 sapiens,
1014 1643 1072 1683 non
1095 1624 1191 1685 solium

198 1704 344 1781 eloquens,
359 1705 435 1782 opud
447 1725 506 1776 eos,
521 1722 641 1780 quorum
656 1702 777 1762 consilio
799 1700 999 1778 sapientiaque
1017 1715 1098 1781 gesta
1111 1715 1189 1779 sunt,

199 1803 285 1841 ausus
298 1804 330 1841 es
344 1783 527 1860 vituperaret
566 1782 646 1844 Quis
670 1792 777 1853 autem,
791 1799 888 1839 meum
911 1781 1102 1855 consulatum,
1116 1804 1190 1861 prae·

197 1873 241 1921 ter
254 1862 287 1921 P.
301 1862 447 1933 Clodium,
461 1862 511 1937 qui
524 1861 709 1938 vituperaret,
723 1860 857 1919 iuventus
878 1860 944 1918 estl
966 1860 1050 1937 cujus
1070 1863 1189 1938 quidem

148 1952 184 2007 20
197 1952 226 2000 te
240 1941 341 2013 fatum,
355 1941 441 2000 sicuti
455 1941 490 1999 C.
505 1940 673 2012 Curionem,
688 1949 803 2010 manet;
824 1937 960 2015 quoniam
985 1938 1015 1996 id
1039 1942 1115 2000 domi
1129 1951 1188 2001 tuae

197 2031 250 2092 est,
265 2022 341 2097 quod
354 2021 409 2080 suit
422 2020 534 2079 illorum
548 2019 662 2095 utrique
677 2019 772 2077 fatale.

237 2099 304 2159 Non
317 2101 414 2177 placet
426 2099 469 2158 M.
484 2098 613 2158 Antonio
635 2099 801 2157 consulatus
825 2114 915 2154 meus.
957 2096 999 2155 At
1021 2098 1129 2175 placuit
1153 2100 1187 2158 P.

199 2179 331 2253 Servilio,
345 2191 377 2239 ut
390 2199 457 2237 eum
470 2179 594 2257 primum
617 2177 764 2236 nominem
778 2196 814 2235 ex
837 2174 915 2234 illius
936 2178 1072 2253 temporis
1086 2197 1189 2237 consu·

197 2257 315 2330 laribus,
329 2259 379 2334 qui
392 2257 520 2335 proxime
535 2267 663 2316 mortuus
677 2266 737 2315 est:
756 2254 867 2332 placuit
879 2254 921 2315 Q.
936 2253 1054 2315 Lutatio
1071 2257 1187 2331 Catulo,

146 2345 182 2399 25
197 2336 280 2413 cnjus
294 2357 405 2414 semper
419 2338 448 2396 in
463 2339 520 2397 hac
532 2335 682 2414 republica
695 2335 771 2393 rivet
794 2332 969 2392 auctoritas:
990 2335 1100 2411 placuit
1119 2337 1189 2395 duo-'

196 2417 251 2474 bus
273 2415 413 2487 Lucullis,
438 2415 480 2475 M.
496 2417 611 2487 Crasso,
632 2414 673 2476 Q.
689 2413 854 2485 Hortensio,
869 2412 904 2470 C.
919 2412 1050 2487 Curioni,
1075 2413 1118 2473 M.
1132 2416 1189 2474 Le-
1278 2453 1283 2458 .

195 2495 272 2570 pido,
287 2494 322 2551 C.
336 2494 444 2566 Pisoni,
468 2493 510 2551 Μ’
526 2493 687 2565 Glabrioni,
702 2492 736 2551 L.
751 2492 895 2564 Volcatio,
910 2490 945 2549 C.
961 2493 1076 2570 Figulo,
1090 2494 1127 2552 D.
1142 2495 1188 2553 Si·

196 2573 272 2643 lano,
286 2582 316 2630 et
329 2571 362 2630 L.
374 2571 517 2645 Murenae,
531 2573 580 2648 qui
594 2583 655 2631 tum
666 2572 891 2631 erantconsules
904 2570 1064 2650 designati:
1078 2574 1186 2649 placuit

197 2652 284 2722 idem,
298 2652 374 2727 quod
388 2652 596 2723 consularibus,
606 2651 648 2709 M.
663 2650 788 2710 Catoni:
809 2650 859 2727 qui
873 2648 941 2709 crim
955 2652 1056 2724 multa,
1067 2652 1125 2710 vitai
1137 2672 1188 2710 ex-

145 2736 182 2790 30
196 2730 314 2803 cedens,
327 2730 458 2807 providit,
473 2740 534 2788 tum
547 2730 626 2806 qubd
639 2740 668 2789 te
683 2730 830 2789 consulem
854 2750 911 2789 non
936 2731 1015 2789 vidit.
1056 2729 1185 2790 Maxime

196 2807 263 2867 verb
278 2810 458 2868 consulatum
480 2828 577 2868 meum
600 2810 656 2868 Cn.
670 2808 825 2885 Pompeius
837 2810 986 2886 probavit,
1007 2810 1067 2886 qui,
1087 2821 1120 2868 ut
1139 2829 1187 2869 me

194 2886 321 2965 primum
344 2890 489 2948 decedens
510 2908 547 2947 ex
573 2889 658 2966 Syriai
680 2887 761 2960 vidit,
784 2889 951 2964 complexus
974 2898 1004 2948 et
1026 2889 1186 2967 gratulans,

195 2988 261 3027 meo
273 2968 415 3028 beneficio
427 2968 549 3046 patriam
563 2988 594 3026 se
617 2968 746 3025 visurum
766 2986 831 3025 esse
849 2967 930 3047 dixit
972 2970 1032 3027 Sed
1045 2967 1115 3045 quid
1128 2968 1187 3027 sin·

196 3048 278 3127 gulos
301 3050 514 3108 commemoro?
544 3046 776 3123 frequentissimo
799 3047 912 3105 senatui
936 3048 980 3106 sio
1000 3047 1120 3124 placuit,
1152 3058 1186 3105 ut

144 3139 181 3194 35
196 3137 272 3188 esset
292 3148 387 3201 nemo,
401 3129 451 3205 qui
474 3127 545 3185 mibi
566 3147 635 3199 non,
658 3136 691 3185 ut
711 3124 833 3203 parenti,
857 3126 966 3203 gratias
989 3136 1105 3203 ageret3
1136 3126 1186 3201 qui

195 3228 253 3267 non
275 3208 346 3267 mibi
369 3208 458 3296 vitam
481 3226 573 3279 suam,
596 3207 711 3279 liberos,
727 3206 863 3278 fortunas,
878 3205 1087 3283 rempublicam
1099 3204 1187 3263 refer·

196 3296 240 3345 ret
254 3298 412 3363 acceptam.

235 3365 289 3422 VI.
311 3367 381 3437 Sed,
395 3366 531 3440 quoniam
545 3364 601 3423 illis
615 3384 686 3439 quos
699 3362 855 3435 nominavi,
869 3372 954 3422 tutet
977 3362 1084 3420 talibus
1106 3360 1186 3434 viris,

196 3442 359 3516 respublica
378 3445 479 3501 orbata
492 3453 551 3513 est3
573 3443 724 3501 veniamus
748 3442 785 3498 ad
808 3442 897 3514 vivos,
911 3441 961 3518 qui
982 3442 1039 3499 duo
1052 3460 1069 3499 e
1083 3440 1204 3498 consu·⁸

145 3531 181 3585 40
195 3521 299 3578 larium
313 3540 433 3579 numero
446 3520 549 3597 reliqui
570 3529 645 3578 sunt.
687 3518 721 3577 L.
736 3520 832 3594 Cotta,
856 3522 900 3580 vir
924 3539 1036 3582 summo
1058 3518 1186 3597 ingenio,

195 3600 364 3673 summaque
384 3600 547 3675 prudentia,
561 3600 648 3657 rebus
671 3597 708 3656 iis
730 3599 819 3676 gestis
839 3619 911 3675 quas
934 3610 967 3657 tu
988 3598 1187 3675 reprehendis,

195 3677 434 3753 supplicationem
458 3677 586 3735 decrevit
607 3677 702 3736 verbis
717 3678 918 3756 amplissimis:
949 3678 1035 3754 eique
1059 3678 1101 3736 illi
1121 3676 1187 3753 ipsi,

196 3777 266 3834 quos
279 3755 364 3815 modd
378 3755 533 3828 nominavi,
548 3758 725 3829 consulares,
746 3769 921 3833 senatusque
943 3766 1068 3815 cunctus
1090 3775 1189 3814 assen-

195 3857 244 3896 sus
265 3846 327 3896 est:
358 3835 408 3910 qui
430 3837 531 3909 bonos,
544 3847 608 3914 post
621 3838 768 3897 conditam
783 3838 860 3897 hano
879 3838 992 3908 urbem,
1007 3834 1124 3894 habitus
1144 3845 1191 3895 est
