2692 4484
376 276 511 342 ORATIO
532 276 603 325 PRO
624 275 656 325 Τ.
678 274 794 323 ANNIO
817 272 968 322 MILONE.
1163 278 1205 336 99

167 421 296 480 homines
314 421 480 496 reliquerint
488 440 496 491 ;
518 418 702 478 consiliorum
716 418 877 493 relinquere
892 435 928 475 ac
942 417 1080 474 virtutum
1093 436 1156 475 nos·

166 510 274 558 tratum
293 500 417 577 effigiem
437 519 495 557 non
515 497 606 555 multo
627 496 714 553 malle
734 497 881 568 debemus,
895 496 1016 553 summis
1027 496 1156 582 ingeniis

167 598 327 656 expressam
347 588 376 636 et
394 579 534 655 politaml
573 576 638 653 Ego
647 574 720 632 vero
733 575 839 648 omnia,
852 595 916 651 quae
934 575 1082 651 gerebam,
1094 574 1155 651 jani

166 668 237 730 tum,
251 657 282 716 in
301 658 440 734 gerendo,
459 675 592 734 spargere
612 674 659 712 me
681 647 723 711 ac'
735 654 922 711 disseminare
943 654 1103 711 arbitrabar
1124 653 1160 711 in

165 737 241 796 orbis
261 745 343 794 te'rrae
364 737 534 794 memoriam
553 734 765 810 sempiternam.
807 732 881 790 Haec
900 731 968 790 verb
982 733 1042 790 sive
1056 752 1153 791 amco
1188 728 1208 781 ⁵

164 836 250 874 sensu
270 826 334 892 post
353 826 474 888 mortem
495 814 629 871 ablutura
648 821 701 883 est,
715 812 775 869 sive
790 810 836 888 (ut
849 812 1050 888 sapientissimi
1063 812 1151 870 homi·
1169 840 1211 858 ·-

78 937 80 940 ψ
165 915 217 952 nes
236 897 421 972 putaverunt)
445 894 481 953 ad
503 892 629 966 aliquam
657 890 746 947 animi
766 890 824 947 mei
850 901 960 967 partem
979 892 1151 967 pertinebit3

151 994 245 1031 „nunc
259 974 376 1047 quidem
391 971 470 1030 certe
485 970 659 1047 cogitatione
673 969 797 1048 quidam
810 989 916 1045 speque
930 970 1064 1028 delector.

204 1052 308 1113 Quare
339 1061 516 1120 conservate,
541 1048 664 1124 judices,
691 1048 836 1105 hominem
865 1049 972 1124 pudore
1002 1069 1046 1120 eo,
1066 1069 1152 1124 quem
1192 1043 1201 1062 “

168 1130 327 1186 amicorum
347 1128 450 1186 videtis
470 1127 647 1203 comprobari
667 1138 729 1183 tum
749 1127 898 1203 dignitate,
919 1137 980 1183 turn
1000 1128 1085 1185 etiam
1105 1149 1152 1187 ve·
1170 1126 1204 1179 10
1237 1169 1240 1174 ·

131 1207 134 1213 ’
168 1217 300 1275 nustate;
329 1206 445 1283 ingenio
465 1217 559 1263 autem
586 1214 675 1278 tanto,
696 1215 835 1279 quantum
855 1207 885 1263 id
905 1207 1038 1264 convenit
1057 1208 1152 1266 existi·
1176 1229 1197 1272 e

157 1285 253 1355 mari,
278 1286 353 1360 quod
381 1303 554 1343 summorum
580 1284 729 1342 homiuum
756 1285 881 1360 ingeniis
907 1286 1061 1361 expetitum
1087 1307 1150 1345 esse
1211 1297 1239 1333 '-

168 1363 313 1433 videatis;-
327 1363 414 1421 causat
434 1360 501 1421 verb
520 1363 668 1439 ejusmodi,
684 1382 747 1438 quae
767 1363 910 1421 beneficio
929 1364 1011 1440 legis,
1031 1367 1152 1423 auctori·

81 1455 86 1464 ·
168 1451 227 1498 tote
246 1442 406 1520 municipii,
426 1442 588 1500 testimonio
607 1441 735 1513 Luculli,
756 1441 862 1499 tabulis
883 1440 1005 1513 Metelli,
1027 1462 1151 1520 compro-
1190 1469 1192 1475 ·

167 1520 257 1577 betur.
298 1520 374 1594 Quae
395 1518 463 1577 crim
483 1521 523 1578 ita
542 1520 618 1591 sint3
638 1521 763 1597 petimus
784 1539 801 1577 a
820 1522 909 1593 vobis,
921 1521 1045 1596 judices,
1059 1523 1084 1579 si
1096 1542 1153 1597 qua
1169 1519 1203 1574 15
1214 1549 1236 1564 .

166 1618 222 1656 non
246 1591 489 1670 modb'humana,
510 1597 610 1658 verbm
634 1600 722 1657 etiam
745 1599 853 1671 divina,
868 1600 898 1657 in
921 1600 1010 1657 tantis
1033 1601 1154 1676 negotiis

166 1677 376 1756 commendatio
389 1676 475 1736 debet
488 1697 550 1737 esse
561 1700 568 1749 3
590 1674 627 1737 ut'
635 1697 713 1750 eum,
724 1678 773 1754 qui
786 1698 845 1749 vos,
855 1678 907 1753 qui
917 1688 1025 1736 vestros
1035 1678 1154 1755 impera·
1226 1717 1231 1724 „

165 1765 249 1826 tores
270 1756 319 1831 qui
345 1758 440 1833 populr
468 1755 597 1816 Romani
619 1778 666 1815 res
685 1767 792 1834 gestas,
813 1776 924 1833 semper
944 1759 1072 1827 ornavit;
1103 1758 1152 1833 qui

165 1834 251 1911 etiam
273 1835 317 1892 his
337 1837 503 1894 recentibus
529 1836 811 1911 nostrisaevestrisque
832 1837 998 1894 domesticis
1016 1837 1152 1913 periculis
1168 1853 1197 1873 ⁴

20 1936 30 1945 ·
63 1905 82 1928 ⁵
166 1923 303 1970 aeternum
324 1933 355 1971 se
375 1915 570 1973 testimonium
597 1914 716 1972 laudum
743 1917 878 1976 daturum
904 1935 968 1973 esse
986 1916 1151 1991 profitetur3
1168 1920 1204 1974 20

74 2000 79 2010 '
166 1991 271 2066 quique
291 2002 334 2049 est
354 2013 389 2051 eo
408 2012 537 2065 numero,
558 1994 608 2067 qui
628 2013 739 2071 semper
760 1994 835 2070 opud
855 2013 956 2052 omnes
974 1994 1153 2051 sanctisunt

14 2109 59 2124 ..
112 2070 257 2131 ,·Ιιεὺίῐὶ
272 2079 357 2144 atque
371 2071 461 2140 dicti;
483 2072 526 2128 sic
539 2072 708 2129 investram
729 2072 877 2149 accipiatis
893 2072 995 2142 fidem,
1009 2073 1153 2131 uthuma·
1246 2097 1250 2102 ·
1328 2105 1331 2114 ·

68 2165 72 2170 ’
134 2199 137 2208 Χ
166 2148 256 2203 nitate
277 2148 371 2205 vestra
390 2149 502 2206 levatus
523 2148 627 2226 potius,
648 2148 735 2224 qudm
762 2152 918 2209 acerbitate
938 2151 1069 2222 violatus,
1090 2153 1152 2209 esse

166 2225 305 2282 videatur.
346 2225 423 2287 Quae
444 2228 481 2285 de
504 2228 602 2299 causa,
621 2248 673 2304 pro
699 2229 765 2285 meai
791 2230 1009 2301 consuetudine,
1030 2230 1153 2288 breviter

138 2322 140 2340 ¹
166 2302 391 2379 simpliciterque
405 2305 474 2376 dixi,
482 2306 605 2382 judices,
620 2326 656 2364 ea
669 2307 783 2365 conlido
794 2309 912 2385 probata
925 2327 989 2366 esse
1002 2309 1151 2367 omnibus}
1168 2308 1204 2363 25

102 2385 106 2388 “
166 2401 231 2456 quar
250 2401 308 2439 non
329 2382 391 2454 fori,
412 2403 507 2458 neque
522 2441 526 2454 Χ
530 2384 663 2460 judiciali
684 2387 901 2458 consuetudine,
922 2387 1007 2444 etde
1028 2388 1152 2446 hominis

166 2459 293 2536 ingenio,
314 2470 343 2518 et
362 2462 552 2522 communiter
572 2464 608 2522 de
635 2462 724 2539 ipsius
752 2466 846 2523 studio
870 2466 983 2524 locutus
1010 2484 1084 2536 sum,
1105 2485 1150 2538 ea,

162 2537 286 2613 judices,
302 2540 410 2598 anobis
424 2560 506 2616 spero
525 2561 589 2599 esse
609 2542 640 2600 in
654 2544 759 2600 bonam
772 2554 881 2619 partem
896 2554 1032 2621 accepta3
1055 2546 1149 2618 abeo,
1174 2573 1195 2598 a

164 2616 506 2693 quijudicium‘exercet,
521 2618 601 2678 certo
615 2621 705 2706 scio-¹
785 2677 791 2683 .
826 2625 828 2629 ⁸
1144 2681 1161 2732 λ
1218 2625 1221 2629 Δ

178 2744 210 2760 Q

470 2840 848 2873 Q

524 3015 772 3127 donnum

246 3213 377 3288 ono
422 3216 472 3290 r.
517 3218 736 3338 Annio
780 3220 1068 3296 ursona.
1128 3287 1130 3294 .

550 3428 777 3442 -—--.—-...

186 3562 226 3652 ¹l.
258 3562 334 3622 Easr
354 3585 463 3639 vercor,
481 3567 606 3643 judices,
626 3589 664 3628 ne
684 3581 766 3647 turpe
786 3572 832 3643 sit,
845 3593 897 3650 pro
917 3573 1070 3632 fortissimo
1089 3574 1149 3632 viro
1165 3585 1202 3639 30
1286 3594 1288 3597 ’

164 3640 261 3699 dicere
280 3643 476 3720 incipientem,
491 3647 605 3719 timere,
617 3649 794 3728 minimeque
813 3648 927 3723 deceat,
941 3651 1009 3710 oiim
1030 3652 1068 3709 T.
1088 3653 1149 3709 An·

103 3748 106 3754 ·
164 3718 231 3775 nius
250 3719 322 3779 Milo
342 3722 401 3798 ipse
420 3726 514 3801 magis
527 3727 563 3783 de
576 3728 742 3804 reipublice
763 3730 855 3787 salute
870 3730 957 3805 quam
971 3731 1007 3787 de
1021 3730 1074 3785 sud
1087 3749 1150 3803 per-

164 3798 303 3871 turbetur,
323 3819 370 3859 me
390 3801 427 3860 ad
447 3804 508 3880 ejus
528 3825 646 3864 causam
672 3826 772 3883 parem
802 3809 892 3866 animi
920 3806 1150 3883 magnitudinem

1088 4049 1106 4075 ἱ
