2692 4484
12 3750 17 3883 i

12 3976 19 4101 t

147 289 168 348 Β
243 357 246 362 .
415 283 553 334 ORATIO
576 283 598 334 Ι.
620 283 659 333 IN
682 284 713 332 L.
736 283 951 334 CATILINAM.

197 425 262 484 licae
286 425 451 498 consilium,
473 445 567 503 neque
592 426 747 485 auctoritas
767 427 853 504 hujus
873 427 1001 485 ordinis:
1029 448 1092 495 nos,
1114 449 1178 502 nos,

198 505 265 562 dico
279 503 389 581 aperte,
403 506 537 564 consules
550 506 695 564 desumus.
950 531 953 535 ¹

238 582 279 641 11.
322 584 460 642 Decrevit
479 585 624 660 quondam
638 594 766 656 senatus,
780 594 813 642 ut
825 583 860 642 L.
874 582 1010 661 Opimius
1024 587 1125 645 consul
1140 587 1179 644 vi·

198 662 290 734 deret,
305 663 424 738 nequid
438 663 601 740 respublica
615 663 781 721 detrimenti
795 676 920 739 caperet.
962 663 1030 722 Nox
1044 665 1123 723 nulla
1136 666 1179 723 in·
1194 726 1196 730 ,

132 743 164 803 ,5
199 742 346 799 tercessit:
368 742 537 800 interfectus
550 752 604 814 est,
618 753 733 818 propter
746 743 885 818 quasdam
899 743 1073 811 seditionum
1088 745 1178 820 suspi-

199 820 308 892 ciones,
318 820 352 879 C.
361 820 523 892 Gracchus,
533 821 692 881 clarissimo
700 831 791 897 patre,
801 840 863 893 avo,
872 822 1044 899 majoribus:
1062 823 1178 891 occisus

198 911 242 957 est
264 917 331 955 cum
344 899 441 956 liberis
460 898 501 956 M.
517 898 647 972 Fulvius,
662 900 830 958 consularis.
862 901 967 962 Simili
981 896 1179 960 senatis-com

199 978 284 1049 salto,
295 977 330 1035 C.
340 974 435 1035 Mario
446 987 474 1035 et
486 979 518 1035 L.
530 978 658 1051 Valerio,
670 980 848 1053 consulibus,
857 980 997 1056 permissa
1007 991 1051 1038 est
1061 981 1178 1057 respub·

199 1055 256 1113 lica
268 1076 275 1112 ι
297 1076 366 1115 num
378 1076 468 1115 unum
479 1058 557 1115 diem
564 1068 663 1134 postea
675 1057 708 1115 L.
719 1059 907 1116 Saturninum
916 1059 1063 1117 tribunum
1074 1060 1176 1135 plebis,

148 1142 182 1195 to
199 1145 228 1193 et
242 1135 277 1193 C.
293 1137 446 1194 Servilium
458 1147 618 1213 praetorem,
628 1156 705 1194 mors
719 1156 754 1195 ac
765 1137 930 1214 reipublice
938 1158 1025 1213 poena
1035 1150 1177 1196 remorata

199 1217 265 1271 estl
306 1216 347 1272 At
361 1235 414 1273 nos
427 1216 595 1273 vicesimum
606 1215 667 1292 jam
682 1216 759 1273 diem
772 1217 897 1293 patimur
911 1218 1067 1274 hebescere
1083 1218 1176 1279 aciem

173 1315 177 1322 ·
200 1293 301 1350 horum
315 1295 502 1353 auctoritatis.
544 1294 696 1351 Habemus
710 1296 788 1352 enim
802 1295 966 1370 hujusmodi
980 1296 1177 1353 senatuis-con-

200 1372 316 1446 sultum,
330 1385 517 1431 veruntamen
538 1372 683 1430 inclusum
704 1374 734 1430 in
755 1373 869 1445 tabulis,
892 1386 1028 1449 tauquam
1048 1375 1176 1452 gladium

199 1451 229 1508 in
250 1452 356 1528 reginei
376 1452 572 1521 reconditum;
600 1471 656 1527 quo
676 1472 713 1508 ex
733 1453 1004 1524 senatis-consulto,
1026 1454 1176 1511 confestim

119 1527 121 1531 ’
149 1533 182 1587 15
200 1530 383 1588 intersectum
397 1542 426 1588 te
439 1551 512 1603 esse,
527 1531 665 1602 Catilina,
678 1532 820 1588 convenit.
862 1531 961 1601 Vivis3
983 1543 1012 1607 et
1026 1533 1106 1602 vivis,
1119 1552 1176 1590 non

201 1609 236 1666 ad
257 1610 467 1686 deponendam,
486 1611 537 1667 sed
559 1611 595 1666 ad
616 1610 854 1681 confirmandam,
869 1606 1040 1668 audaciam.
1072 1612 1177 1688 Cupio,

199 1688 300 1746 Patres
320 1689 495 1764 Conscripti,
510 1708 557 1746 me
576 1709 639 1746 esse
654 1689 846 1747 clementem:
868 1689 964 1765 cupio,
979 1689 1008 1746 in
1022 1691 1111 1747 tantis
1124 1691 1179 1748 rei·

199 1768 323 1844 publicae
342 1769 487 1844 periculis,
508 1787 555 1825 me
576 1787 634 1825 non
655 1768 825 1825 dissolutum
846 1768 952 1825 videri:
981 1769 1034 1825 sed
1050 1768 1111 1846 jam
1131 1788 1178 1826 me
1228 1833 1231 1837 ,

170 1902 175 1911 ,
200 1847 261 1923 ipse
276 1847 386 1905 inertiae
400 1848 590 1923 nequitiaeque
604 1847 775 1905 condemno.

146 1934 182 1989 20
205 1938 220 1981 t
239 1928 343 1984 Castra
357 1939 423 1986 sunt
437 1928 467 1985 in
481 1926 576 1997 Italia,
591 1935 693 1983 contra
706 1927 924 2003 rempublicam,
936 1927 967 1984 in
981 1926 1104 1984 Etruriae
1118 1926 1180 1986 sau·

200 2005 283 2063 cibus
296 2007 453 2064 collocata:
475 2006 580 2064 crescit
600 2006 714 2063 indies
734 2005 863 2082 singulos
885 2007 1010 2063 hostium
1024 2025 1177 2064 numerus:

125 2084 131 2094 '
199 2104 298 2142 eorum
314 2097 409 2143 autern
423 2086 623 2161 imperatorem
637 2095 807 2156 castrorum,
819 2085 980 2162 ducemque
992 2086 1126 2157 hostium,
1138 2085 1181 2142 in·
1233 2143 1236 2148 ,

199 2178 244 2221 tra
264 2165 381 2236 moenia,
404 2178 488 2241 atque
510 2161 583 2222 arleti
609 2163 638 2222 in
659 2174 773 2235 senatu,
787 2164 928 2236 videmus,
943 2165 1108 2223 intestinam
1131 2163 1181 2221 ali·

200 2263 286 2318 quarn
306 2244 432 2320 quotidie
452 2243 610 2320 perniciem
625 2242 792 2318 reipublice
807 2244 981 2302 molientem.
1024 2245 1057 2301 Si
1070 2254 1098 2301 te
1109 2243 1179 2321 jam,

147 2326 183 2380 25
201 2323 338 2393 Catilina,
357 2323 572 2398 comprehendi,
593 2322 618 2379 si
639 2322 775 2393 interfici,
793 2322 922 2398 jussero;
944 2325 1041 2393 credo,
1061 2324 1115 2380 erit
1135 2342 1181 2380 ve-

200 2402 322 2458 rendum
344 2401 425 2470 milri,
440 2420 477 2458 ne
498 2421 556 2458 non
578 2402 634 2458 hoc
658 2399 754 2476 potitis
775 2421 876 2458 omnes
891 2402 958 2458 boni
973 2402 1065 2459 seritis
1087 2422 1103 2459 a
1123 2420 1179 2471 me,

200 2478 287 2555 quim
307 2480 456 2554 quisquam
477 2478 633 2550 crudelibs,
653 2481 761 2537 lactum
783 2499 846 2536 esse
867 2479 954 2536 dicat.
996 2477 1105 2536 Verirm
1127 2497 1181 2554 ego

201 2559 268 2628 hoc,
282 2559 357 2633 quod
376 2557 547 2634 jampridem
569 2558 678 2615 factum
699 2577 762 2615 esse
782 2558 917 2634 oportuit,
932 2558 1012 2615 certis
1028 2557 1065 2613 de
1080 2559 1180 2628 causi,

201 2638 330 2694 nondum
346 2637 483 2707 adducor,
498 2647 529 2693 ut
543 2636 657 2694 faciam.
701 2638 780 2693 Tum
801 2636 926 2712 denique
947 2635 1120 2693 interficiam
1142 2645 1194 2708 te,

148 2717 184 2771 30
201 2713 270 2774 clim
281 2716 341 2792 jam
356 2735 441 2774 nemo
455 2727 513 2773 tam
535 2716 691 2791 improbuS,
706 2726 765 2773 tam
787 2715 926 2791 perditae,
940 2720 1000 2772 tatii
1013 2715 1056 2784 tui
1069 2715 1181 2787 similis,

202 2796 325 2853 inveniri
334 2796 446 2872 poterit,
458 2796 507 2871 qui
519 2795 547 2852 id
560 2814 617 2851 non
627 2794 691 2870 jure
703 2795 812 2852 sactum
826 2813 889 2851 esse
904 2788 1035 2851 fateatur.
1069 2794 1182 2856 Quam·

202 2874 252 2932 diu
270 2870 419 2952 quisquam
441 2876 505 2946 erit,
519 2875 567 2950 qui
589 2886 617 2931 te
640 2874 796 2944 defendere
819 2873 933 2943 audeat,
947 2872 1041 2930 vives:
1062 2883 1091 2930 et
1105 2867 1183 2931 vities

202 2953 252 3026 ita,
267 2966 298 3011 ut
312 2974 391 3012 nunc
413 2954 492 3025 viviS,
507 2953 604 3011 multis
625 2953 698 3009 meis
717 2964 746 3009 et
766 2952 856 3009 tirmis
876 2951 1017 3027 praesidiis
1037 2952 1182 3024 obsessus,

203 3054 240 3090 ne
262 3050 440 3091 commovere
461 3045 489 3091 te
511 3044 612 3090 contra
631 3032 841 3107 rempublicam
854 3030 963 3107 possis:
985 3030 1139 3088 multorum
1153 3043 1183 3089 te

149 3121 185 3175 35
202 3113 289 3171 etiam
309 3113 387 3171 oculi
401 3123 430 3170 et
445 3132 538 3183 aures,
552 3131 610 3168 non
625 3111 809 3182 sentientem,
824 3109 913 3187 (sicut
928 3110 1024 3168 adhuc
1036 3110 1181 3189 lecerunt)

203 3192 429 3269 speculabuntur
443 3205 527 3267 atque
541 3191 716 3266 custodient.
760 3195 764 3203 '

242 3270 299 3328 III.
342 3271 458 3329 Etenim
472 3271 541 3347 quid
554 3281 608 3341 est,
620 3270 759 3340 Catilina,
770 3269 846 3344 quod
857 3269 918 3345 jam
933 3266 1055 3343 ampliris
1066 3285 1184 3344 exspec-

203 3361 257 3420 tes,
281 3350 420 3424 sineque
443 3369 500 3405 nox
525 3350 652 3405 tenebris
676 3351 831 3406 obscurare
855 3358 947 3404 coetus
969 3347 1102 3417 nefarios
1127 3364 1184 3403 nec

203 3430 315 3505 privata
328 3428 430 3485 domus
443 3426 600 3503 parietibus
614 3427 762 3484 continere
777 3446 877 3483 vocem
899 3424 1106 3501 conjurationis
1126 3435 1183 3483 tuae

150 3514 186 3567 40
202 3509 318 3584 potestl
339 3506 363 3564 si
378 3506 565 3576 illustrantur,
577 3504 601 3562 si
612 3516 767 3581 erumpunt
779 3505 899 3563 omnial
931 3504 1013 3563 Muta
1024 3505 1084 3581 jam
1099 3505 1183 3563 istam
1265 3532 1266 3535 ¹

203 3597 349 3644 mentem:
371 3584 442 3642 mihi
457 3584 559 3642 crede:
580 3584 750 3643 obliviscere
765 3585 864 3657 oaedis,
877 3594 961 3660 atque
973 3584 1182 3643 incendiorum.

204 3666 329 3724 Teneris
349 3665 493 3740 undique:
521 3664 588 3721 luce
608 3674 676 3722 sunt
694 3665 816 3723 clariora
830 3663 912 3722 nobis
926 3675 976 3721 tua
990 3663 1113 3722 consilia
1124 3682 1184 3721 orn·

205 3747 253 3804 nia
264 3765 271 3803 ε
294 3765 357 3821 quse
368 3744 456 3802 etiam
467 3763 581 3800 mecum
602 3743 659 3801 'cet
669 3763 869 3820 recognoscas.
904 3742 1114 3814 Meministine,
1125 3762 1183 3814 me,

206 3824 356 3883 antediem
368 3823 441 3882 ΧΗ.
456 3822 568 3881 Calend
616 3821 800 3893 Novembris,
809 3823 906 3881 dicere
918 3823 948 3880 in
957 3833 1070 3894 senatu,
1082 3821 1182 3880 sorcin
