2692 4484
168 316 226 377 122
416 316 553 368 oua‘rlo
575 315 645 366 PRO
665 316 698 366 Τ.
720 315 837 365 ANNIO
858 315 1000 367 mortu

218 459 325 537 populi,
351 460 424 519 tanti
450 460 569 518 sceleris
597 459 728 530 ultorem,
748 480 807 517 non
835 459 920 518 modo
948 460 1105 519 honoribus
1125 459 1217 519 nullis

221 539 362 612 afficietis,
389 539 548 597 sedetiam
569 540 606 597 ad
626 537 799 616 supplicium
819 538 881 615 rapi
900 539 1072 616 patieminil
1115 540 1218 598 Confi·

220 628 337 689 teretur,
352 618 545 688 confiteretur,
560 619 688 694 iuquam,
702 618 728 675 si
748 617 874 688 fecisset,
889 627 919 675 et
938 636 1044 695 magno
1064 619 1168 677 animo
1187 630 1217 678 et

220 697 328 755 libente
349 716 381 754 se
401 697 515 768 fecisse,
535 696 677 755 libertatis
696 696 826 755 omnium
847 696 954 754 causi:
983 697 1109 771 quodsi
1130 695 1215 756 certe

184 786 204 839 5
220 795 278 835 nou
291 774 485 834 confitendum
500 773 585 834 modo
606 776 716 848 fuisset,
730 773 831 834 verum
843 775 932 833 etiam
944 776 1175 852 predicandum.

259 854 362 912 XXX.
403 854 531 926 Etenim,
553 854 578 911 si
599 854 629 912 id
652 874 711 914 non
734 865 832 932 negat,
844 873 883 912 ex
896 853 1037 929 quonihil
1050 856 1133 931 petit,
1156 855 1215 914 nisi

220 943 254 990 ut
273 934 454 1010 ignoscatur3
485 933 630 991 dubitaret
657 933 688 992 id
716 933 810 1005 fateri,
830 952 865 992 ex
894 952 952 1008 quo
978 932 1066 991 etiam
1092 935 1216 1011 praemia

221 1011 316 1070 laudis
328 1022 425 1071 essent
502 1011 581 1071 ndal
601 1012 658 1071 nisi
670 1009 740 1070 verb
753 1012 863 1089 gratius
883 1020 965 1088 putat
977 1030 1040 1070 esse
1061 1013 1153 1084 vobis,
1169 1015 1215 1072 sui

221 1110 254 1149 se
267 1090 414 1168 capitis,q
503 1091 601 1163 vestri,
624 1091 805 1152 defensorem
825 1090 931 1160 suisse3
952 1087 1021 1148 cum
1040 1093 1214 1167 praesertim,

170 1177 205 1232 10
222 1169 253 1228 in
266 1170 303 1227 eti
316 1170 505 1243 confessione,
518 1170 543 1228 si
556 1170 632 1248 grati
651 1190 715 1229 esse
734 1169 855 1242 velletis,
869 1171 991 1228 honores
1011 1181 1215 1246 assequeretur

223 1249 420 1325 amplissimos.
461 1250 495 1307 Si
515 1250 624 1308 factum
643 1249 725 1308 vobis
744 1268 802 1308 nou
821 1248 1000 1326 probaretur,
1032 1247 1215 1326 (quanquam

222 1327 272 1402 qui
291 1338 403 1404 poterat
428 1328 507 1387 salus
532 1347 586 1387 sua
605 1328 712 1404 cuique
737 1347 796 1387 non
821 1327 937 1404 probari
946 1327 973 1402 l)
997 1328 1049 1385 sed
1068 1330 1215 1388 tamensi

222 1403 320 1464 minias
333 1407 479 1466 fortissimi
491 1407 545 1466 viri
567 1407 658 1465 virtus
678 1407 791 1465 civibus
811 1416 894 1485 grata
914 1405 1084 1477 cecidisset;
1105 1426 1216 1486 magno

224 1485 321 1545 animo
333 1486 533 1562 constantique
552 1487 670 1544 cederet
689 1505 726 1545 ex
741 1486 854 1563 ingrati
875 1483 1001 1544 civitate.
1042 1484 1123 1544 Nam
1143 1487 1216 1563 quid

171 1568 207 1623 15
222 1573 299 1622 esset
324 1565 474 1643 ingratius,
503 1563 591 1641 quam
617 1564 708 1623 laetari
735 1575 865 1637 eeteros,
894 1563 995 1642 lugere
1022 1583 1090 1623 eum
1109 1566 1215 1639 solum,

222 1654 434 1721 propterquam
448 1644 545 1702 ceteri
558 1643 744 1702 letarentur?

262 1722 441 1798 Quanquam
467 1723 524 1781 hoc
552 1722 648 1781 animo
677 1741 789 1799 semper
809 1722 916 1782 tirimus
943 1741 1043 1782 omnes
1062 1723 1094 1781 iu
1112 1723 1216 1800 patriar

222 1801 414 1877 proditoribus
441 1801 645 1878 opprimendis,
665 1811 707 1873 ut,
729 1802 864 1877 quoniam
893 1812 991 1862 nostra
1020 1802 1117 1860 futura
1136 1813 1217 1862 esset

224 1879 324 1957 gloria,
343 1879 504 1956 periculum
525 1898 637 1956 quoque
664 1889 693 1939 et
719 1879 858 1939 iuvidiam
883 1891 1009 1941 nostram
1035 1891 1215 1960 putaremus.

170 1964 208 2019 Ἄ)
224 1958 303 2017 Nam
323 1977 387 2035 quae
407 1959 479 2016 mihi
499 1958 552 2036 ipsi
572 1959 727 2017 tribuenda
753 1960 817 2018 laus
846 1970 932 2033 esset,
953 1958 1020 2019 crim
1049 1971 1160 2019 tantum
1182 1961 1217 2019 in

225 2038 376 2097 conmrlatu
388 2056 454 2097 meo
465 2058 517 2116 pro
528 2038 608 2096 vobis
622 2058 658 2097 ac
670 2036 769 2097 liberis
781 2039 883 2097 vestris
903 2059 990 2098 ausus
1002 2059 1104 2112 essem,
1125 2040 1151 2097 si
1170 2041 1216 2116 id,
1320 2103 1321 2110 χ

224 2117 302 2193 quod
321 2118 457 2190 conabar,
481 2118 544 2175 sine
570 2116 703 2175 maximis
722 2118 957 2177 dimicationibus
982 2119 1056 2177 meis
1074 2138 1120 2177 me
1147 2139 1214 2178 esse

225 2214 363 2256 ausurum
377 2197 549 2256 arbitrarerl
569 2196 647 2259 Quae
660 2196 764 2256 mulier
777 2198 950 2257 sceleratum
970 2216 1007 2257 ac
1018 2198 1218 2275 perniciosum

225 2274 318 2334 civem
345 2276 480 2335 occidere
509 2296 567 2335 non
597 2276 725 2347 auderet,
756 2276 781 2334 si
809 2276 969 2354 periculum
999 2296 1058 2335 non
1077 2277 1215 2338 timeret?

113 2365 117 2371 '
171 2359 208 2414 25
224 2353 372 2431 Proposita
386 2355 504 2428 invidit,
519 2365 620 2427 morte,
632 2355 728 2451 prend,
743 2355 792 2431 qui
812 2355 903 2415 nihilo
921 2352 1040 2433 segnius
1059 2353 1218 2433 rempubli-

225 2452 291 2491 cam
312 2433 450 2504 defendit,
472 2435 496 2491 is
515 2434 558 2492 vir
577 2453 645 2492 vere
665 2434 810 2510 putandus
829 2444 881 2493 est.
934 2434 1036 2511 Populi
1063 2436 1138 2513 grati
1158 2445 1215 2509 est,

224 2510 349 2587 praemiis
363 2511 478 2569 afficere
498 2512 574 2576 bene
587 2513 704 2571 meritos
717 2513 754 2571 de
767 2512 916 2591 republicd
932 2513 1027 2584 oivea3
1047 2513 1101 2572 viri
1121 2514 1215 2588 fortis,

225 2607 263 2647 ne
276 2588 424 2664 suppliciis
437 2591 553 2666 quidem
567 2591 684 2662 moveri,
700 2602 732 2649 ut
745 2592 855 2651 sortiter
869 2592 972 2651 fecisse
984 2594 1130 2669 poeuiteat.

261 2665 471 2739 Quamobrem,
488 2679 615 2729 uteretur
637 2671 741 2728 eddom
765 2672 945 2730 confessione
960 2671 998 2729 T.
1014 2672 1138 2744 Annius,
1153 2674 1216 2748 qud

171 2747 208 2803 30
225 2744 330 2816 Ahala,
354 2746 412 2822 qud
432 2745 554 2819 Nasica,
568 2749 625 2824 qud
648 2748 794 2826 Opimius,
808 2750 866 2827 qud
887 2749 1009 2823 Marius,
1024 2752 1081 2828 qud
1100 2761 1217 2812 nosmet

224 2822 295 2901 ipsi:
316 2833 355 2896 et,
369 2825 395 2883 si
414 2835 497 2903 grata
515 2827 679 2902 respublica
699 2838 785 2900 esset,
798 2829 959 2899 laeteretu13
980 2830 1005 2887 si
1026 2832 1149 2909 ingrata,
1169 2840 1216 2888 ta-

224 2922 301 2975 men,
316 2902 347 2961 iu
360 2904 441 2982 gravi
455 2904 578 2977 fortuni,
593 2906 773 2965 couscientia
787 2908 840 2965 suti
853 2908 1001 2967 niteretur.

264 2984 324 3041 Sed
338 2983 423 3061 hujus
444 2983 579 3042 beneficii
602 2985 735 3061 gratiam,
756 2986 880 3063 judices,
904 2987 1019 3047 fortuna
1037 2987 1132 3065 populi
1152 2986 1217 3046 Ro-

224 3062 314 3136 mani,
327 3073 358 3122 et
371 3073 465 3122 vestra
478 3062 611 3134 felicitas,
622 3073 651 3121 et
664 3063 716 3122 Dii
730 3064 914 3138 immortales,
926 3066 981 3124 sibi
990 3067 1088 3125 deberi
1101 3076 1214 3144 putant.

172 3146 209 3202 35
224 3141 292 3202 Nec
311 3141 379 3202 vero
400 3142 550 3220 quisquam
572 3142 654 3202 aliter
675 3144 806 3202 arbitrari
827 3155 929 3221 potest,
951 3146 1007 3204 nisi
1028 3146 1078 3222 qui
1103 3141 1216 3204 nullam

224 3222 283 3279 vim
296 3243 360 3282 esse
374 3224 464 3295 ducit,
478 3242 622 3291 numcnve
636 3222 764 3281 divinum
778 3243 785 3280 ε
805 3242 891 3300 quem
911 3244 1005 3300 neque
1019 3225 1132 3301 imperii
1151 3244 1216 3283 ves·

224 3302 262 3357 tri
275 3302 454 3378 magnitudo,
468 3321 561 3378 neque
581 3302 622 3360 sol
643 3301 701 3373 ille,
722 3321 778 3362 nec
797 3302 864 3360 coeli
887 3302 1090 3379 signorumque
1109 3315 1215 3375 motus,

225 3397 281 3435 nec
301 3380 514 3438 vicissitudines
534 3400 630 3439 rerum
651 3390 736 3456 atquo
756 3381 872 3440 ordines
891 3392 1016 3454 movent,
1037 3402 1131 3458 nequo
1158 3381 1215 3460 (id,

226 3456 302 3529 quod
323 3459 480 3515 maximum
501 3460 558 3537 est)
581 3459 719 3534 majorum
744 3470 903 3518 nostrorum
924 3460 1079 3537 sapientia3
1100 3461 1150 3536 qui
1171 3479 1218 3519 sa·

175 3533 210 3588 to
226 3552 286 3603 cra,
300 3534 350 3608 qui
363 3534 552 3606 carimonias,
575 3537 623 3611 qui
645 3536 783 3611 auspicia,
800 3548 830 3597 et
850 3539 903 3615 ipsi
924 3540 1105 3598 sanctissime
1118 3539 1218 3598 colue-

225 3621 302 3682 runt,
317 3622 346 3671 et
359 3613 451 3683 nobis,
466 3613 526 3670 suis
537 3613 667 3688 posteris,
681 3615 877 3689 prodiderunt.

265 3690 384 3751 XXXI.
425 3692 487 3761 Est,
502 3701 546 3748 est
568 3690 697 3766 profecto
719 3693 768 3751 ills
782 3696 843 3754 vis:
865 3715 969 3772 neque,
984 3697 1073 3755 inhia
1093 3696 1217 3772 corpori·

228 3771 281 3830 bus
302 3782 387 3849 atquo
406 3771 437 3830 in
457 3772 514 3829 hac
534 3768 733 3831 imbecillitate
753 3775 860 3846 nostris,
882 3776 957 3833 inest
976 3776 1124 3851 quiddam,
1139 3776 1217 3850 quod

162 3906 164 3910 .
227 3853 323 3931 vigeat
335 3861 364 3911 et
377 3850 497 3920 seutiat;
518 3858 548 3908 ot
560 3868 617 3908 non
633 3849 708 3908 inest
722 3852 750 3910 in
766 3855 821 3913 hoc
840 3863 921 3911 tanto
941 3857 1125 3913 naturatum
1144 3872 1218 3930 prte-
