2692 4484
410 333 547 385 nmmo
568 330 607 384 m
628 331 667 382 n.
689 329 896 382 nummum.
1142 331 1200 393 las

154 492 252 559 togato
279 490 345 538 ante
371 499 418 538 me
444 478 563 538 nemini.
605 476 639 535 L.
668 475 778 547 Caesar,
807 472 967 534 avunculus
994 481 1071 543 tuus,
1091 471 1150 548 qui

153 561 293 631 oratione,
313 559 369 635 quai
390 551 565 629 eonstantila',
585 557 643 634 qua
669 555 811 632 gravitate
830 553 1005 611 sententiam
1025 551 1099 609 dixit
1118 551 1150 610 in

153 641 257 698 sororis
277 658 335 696 suae
349 639 453 711 virum,
467 638 603 695 vitricum
616 635 717 693 tuuml
754 633 844 691 Hune
863 643 895 690 tu
915 630 984 691 edm
1000 639 1150 689 auctorem

154 730 184 776 et
207 729 411 796 preceptorem
439 717 569 776 omnium
598 714 793 784 consiliorum,
822 712 964 788 totiusque
994 711 1070 783 vitae,
1101 711 1150 768 de-

154 798 265 855 buisses
286 799 404 869 habere,
418 796 514 854 vitrici
534 805 563 853 te
584 794 718 862 similem,
737 789 823 868 quim
845 790 990 862 avunculi,
1004 810 1068 849 esse
1089 809 1149 848 ma·
1184 788 1201 841 5

152 876 240 935 luisti.
284 877 381 954 Hujus
408 895 463 953 ego
491 874 603 932 alienus
630 871 758 930 oonsiliis
786 871 885 929 'consul
913 889 981 927 usus
1001 889 1084 928 snm:
1105 879 1148 941 tu,

153 958 259 1015 sororis
272 957 360 1027 filius,
375 955 481 1031 enquid
497 953 533 1010 ad
547 971 614 1010 eum
628 969 756 1026 unquam
770 951 806 1007 de
820 969 852 1007 re
869 949 986 1025 publiea
1002 949 1147 1007 retulistil

154 1036 196 1093 At
217 1037 254 1093 ad
276 1055 346 1109 quos
373 1034 482 1091 refert?
516 1032 567 1089 Dii
591 1029 782 1088 immortalesl
806 1029 842 1086 ad
862 1048 912 1086 eos
938 1028 1060 1101 seilicet,
1081 1048 1149 1106 quo·

155 1134 220 1173 rum
234 1114 319 1172 nobis
332 1113 421 1171 etiam
435 1111 498 1170 dies
511 1110 622 1168 natales
636 1109 773 1167 audiendi
787 1117 862 1166 sunt.
1078 1125 1081 1130 ⁴

197 1193 296 1251 Hodie
324 1211 382 1249 non
411 1190 562 1249 descendit
581 1188 736 1246 Antonius.
770 1188 854 1245 Curl
888 1186 948 1244 Dat
967 1187 1098 1245 natalitia
1117 1186 1148 1245 in
1169 1187 1201 1242 1⁰

157 1272 256 1330 hortis.
299 1271 379 1328 Cuil
412 1269 569 1328 Neminem
589 1268 761 1326 nominabo:
781 1276 880 1344 putate
900 1275 962 1323 tum
982 1265 1148 1325 Phormioni

159 1349 258 1420 alieni,
279 1359 340 1407 tum
360 1349 516 1420 Gnathoni,
537 1358 600 1405 tum
619 1347 753 1405 Ballioni.
794 1345 823 1404 0
845 1345 1003 1403 loeditatem
1025 1346 1148 1404 hominis

158 1428 346 1506 flagitiosam!
367 1448 386 1486 o
399 1428 615 1505 impudentiam,
629 1426 799 1503 nequitiam,
813 1425 974 1496 libidinem,
988 1444 1044 1482 non
1059 1425 1150 1483 feren·

157 1508 243 1565 daml
280 1506 338 1578 Tu,
364 1504 432 1564 eiam
457 1507 617 1583 prinoipem
643 1517 816 1578 senatorem,
845 1505 939 1562 civem
965 1503 1148 1580 singularem,

156 1596 215 1645 tam
229 1586 417 1662 propinquum
437 1587 555 1658 habeas,
570 1586 607 1643 ad
628 1605 695 1644 eum
716 1586 753 1643 de
771 1604 802 1642 re
823 1582 942 1661 publici
957 1582 1027 1640 nihil
1042 1584 1148 1656 relers3
1168 1585 1201 1637 15

157 1666 193 1723 ad
216 1685 265 1723 eos
286 1665 385 1735 refers,
407 1665 456 1740 qui
476 1667 594 1724 domum
614 1684 697 1723 suam
721 1665 832 1722 nullam
859 1663 978 1734 habent,
1002 1671 1082 1719 tuam
1105 1682 1152 1721 ex·

156 1745 312 1802 hauriuntl
346 1744 432 1802 Tuus
458 1744 594 1803 videlieet
614 1744 750 1802 salutaris
773 1742 951 1814 consulatus,
972 1741 1151 1818 perniciosus

157 1825 254 1882 meusl
488 1830 490 1834 '
935 1817 946 1837 ⁸

194 1903 265 1961 VII.
286 1903 409 1961 Adeone
428 1905 568 1980 pudorem
588 1921 655 1960 oum
675 1902 817 1979 pudicitiia
830 1900 991 1979 perdidisti,
1006 1911 1038 1959 ut
1051 1901 1106 1959 hoo
1120 1899 1149 1959 in

157 2002 192 2040 eo
211 1983 316 2059 templo
336 1983 436 2041 dicere
457 2002 544 2040 ansus
564 1982 614 2053 sis,
634 1982 664 2040 in
685 2001 742 2058 quo
761 2002 817 2059 ego
836 1988 970 2038 senatum
990 1980 1082 2051 illum,
1102 1980 1152 2054 qui
1167 1986 1203 2041 20

157 2062 301 2137 quondam
321 2062 426 2121 florens
446 2063 509 2120 orbi
529 2071 671 2119 terrarum
691 2061 872 2138 presidebat,
894 2059 1099 2127 oonsukbam3
1120 2068 1151 2115 tu

158 2141 289 2198 homines
318 2141 526 2216 perditissimos
556 2159 624 2197 oum
652 2140 757 2217 gladiis
784 2139 955 2200 collocastil
996 2140 1039 2196 At
1064 2137 1152 2196 etiam

159 2237 246 2276 ausus
269 2238 301 2275 es
324 2218 408 2294 (quid
432 2229 529 2276 autem
555 2229 609 2289 est,
630 2220 706 2295 quod
734 2229 765 2276 tu
791 2239 850 2277 non
874 2219 983 2277 audeas
993 2218 1019 2298 l)
1045 2216 1151 2276 olivum

159 2297 357 2373 Capitolinum
372 2297 480 2368 disere,
491 2316 539 2359 me
552 2297 681 2369 consule,
692 2298 809 2374 plenum
822 2317 967 2355 servorum
979 2307 1151 2355 armatorum

158 2376 256 2433 luisse.
298 2375 337 2433 Ut
353 2375 408 2432 illa
422 2374 537 2455 (eredo)
555 2376 667 2434 nefaria
687 2376 949 2436 senatusconsulta
967 2377 1080 2448 fierent,
1094 2376 1152 2433 vim
1168 2379 1204 2433 25

158 2455 315 2513 afferebam
328 2455 451 2513 senatui.
492 2454 521 2512 Ο
535 2455 682 2528 miserum,
697 2457 758 2515 sive
778 2456 828 2514 illa
847 2456 901 2513 tibi
921 2465 990 2514 nota
1002 2476 1061 2514 non
1074 2465 1150 2527 sunt,

158 2534 245 2611 (nihil
267 2535 345 2593 enim
365 2534 433 2593 boni
454 2533 544 2614 ndsti)
560 2534 620 2592 sive
640 2546 718 2607 sunt,
736 2537 786 2613 qui
807 2536 883 2613 apud
903 2535 976 2593 tales
996 2535 1071 2593 viros
1091 2543 1150 2591 tam

157 2613 338 2689 impudenter
370 2614 506 2690 loquare!
547 2614 627 2677 Quis
660 2615 740 2673 enim
774 2634 861 2691 eques
894 2614 1055 2686 Romanus,
1086 2615 1151 2691 quis

157 2690 274 2769 (praeter
287 2695 330 2770 te)
347 2693 515 2753 adolescens
535 2693 650 2766 nobilis,
665 2695 730 2770 quis
751 2695 836 2753 ullius
855 2693 975 2766 ordinis,
988 2693 1039 2771 qui
1059 2713 1090 2752 se
1111 2694 1151 2752 oi·

156 2790 220 2829 vem
240 2773 428 2845 meminisset,
444 2771 513 2832 oiim
533 2783 651 2832 senatus
672 2775 702 2833 in
723 2776 779 2833 hoe
798 2775 904 2851 templo
924 2784 1009 2846 esset,
1024 2775 1054 2832 in
1075 2774 1151 2832 olivo
1167 2782 1204 2836 30

156 2851 319 2927 Capitolino
339 2872 397 2910 non
418 2852 493 2911 fuitl
514 2854 578 2930 quis
591 2872 698 2912 nomen
719 2874 777 2912 non
794 2854 896 2911 deditl
917 2872 1081 2929 quanquam
1095 2872 1151 2911 nee

156 2930 258 2988 soribae
279 2931 423 3003 sufficere,
442 2952 499 2990 nee
518 2932 624 2990 tabulae
645 2934 764 2991 nomina
785 2933 897 2991 illorum
921 2952 1034 3009 capere,
1054 2943 1152 3010 potue-

156 3019 231 3068 runt.
274 3009 402 3082 Etenim,
427 3009 495 3068 oiim
519 3011 651 3070 homines
678 3012 783 3071 nefarii
811 3013 848 3070 de
870 3012 970 3089 patriae
996 3011 1152 3089 parricidio

157 3087 363 3146 confiterentur
385 3090 581 3164 (consciorum
600 3091 727 3163 indiciis,
747 3091 800 3149 suia
820 3109 919 3162 manu,
933 3110 1004 3149 vose
1023 3090 1099 3167 pend
1120 3091 1152 3148 li·

157 3176 285 3226 terarum
299 3167 420 3246 eoacti),
435 3187 466 3225 se
486 3168 595 3227 Urbem
616 3169 806 3242 inflammare,
822 3169 901 3229 eires
920 3169 1076 3241 trucidare,
1090 3188 1153 3227 vas·
1168 3171 1204 3226 35

157 3256 220 3305 tare
247 3245 375 3318 Italiam,
396 3247 493 3305 delere
517 3249 736 3325 rempublicam,
757 3250 958 3319 consensisse;
979 3249 1043 3324 quis
1066 3258 1151 3321 esset,

156 3326 206 3402 qui
228 3326 409 3384 adsalutem
430 3346 613 3386 communem
640 3328 852 3387 defendendam
879 3348 937 3387 non
958 3328 1150 3387 excitareturl

154 3404 314 3482 praesertim
327 3402 397 3484 edm
411 3415 529 3464 senatus
541 3407 718 3484 populusque
733 3408 889 3466 >Romanus
903 3408 1022 3466 haberet
1035 3408 1149 3480 ducem,

155 3484 248 3561 qualis
262 3485 287 3543 si
301 3483 352 3560 qui
365 3504 445 3543 nuno
459 3496 545 3558 esset,
560 3485 613 3544 tibi
628 3486 715 3558 idem,
724 3488 799 3563 quod
808 3476 871 3554 illis
885 3487 1002 3559 accidit,
1016 3488 1151 3566 eontigis·

156 3573 208 3621 set.
249 3564 298 3622 Ad
319 3564 494 3640 sepulturam
522 3585 626 3642 eorpus
645 3566 741 3624 vitrici
761 3567 805 3624 sni
827 3577 915 3644 negat
936 3585 953 3624 a
973 3586 1019 3624 me
1040 3568 1148 3625 datum.
1167 3577 1202 3630 4ο

156 3642 224 3701 llos
238 3642 305 3701 verb
326 3663 364 3701 ne
386 3643 418 3701 Ρ.
433 3644 551 3720 quidem
571 3642 693 3704 Clodius
715 3645 786 3703 dixit
807 3665 951 3723 unquam:
972 3666 1068 3723 quem,
1082 3647 1151 3722 quia

153 3723 219 3799 jure
240 3723 268 3781 ei
285 3722 328 3781 sui
345 3722 491 3795 inimicus,
506 3725 589 3783 doleo
603 3734 662 3782 ate
674 3726 734 3802 jam
747 3726 881 3783 omnibus
894 3725 972 3784 vitiis
985 3744 1049 3783 esse
1069 3743 1151 3799 supe·

156 3812 260 3859 ratum.
300 3800 365 3864 Qui
386 3812 482 3861 autem
496 3802 550 3861 tibi
563 3803 641 3862 venit
659 3804 689 3862 in
703 3815 841 3876 mentem,
855 3806 989 3881 redigere
1002 3803 1037 3860 in,
1046 3819 1152 3858 memo·

156 3881 230 3955 piam
244 3890 381 3955 nostram,
395 3891 424 3939 te
438 3883 516 3942 domi
536 3882 569 3942 P.
583 3882 701 3941 Lentuli
719 3903 784 3941 esse
797 3882 977 3941 educatuml
1011 3880 1061 3936 An
1074 3896 1153 3935 vere·

374 3951 436 4034 ,ῃ
