<?xml version="1.0" encoding="UTF-8"?>
<!DOCTYPE html PUBLIC "-//W3C//DTD XHTML 1.0 Transitional//EN"
    "http://www.w3.org/TR/xhtml1/DTD/xhtml1-transitional.dtd">
<html xmlns="http://www.w3.org/1999/xhtml" xml:lang="en" lang="en">
 <head>
  <title>
</title>
<meta http-equiv="Content-Type" content="text/html;charset=utf-8" />
  <meta name='ocr-system' content='tesseract 3.04.00' />
  <meta name='ocr-capabilities' content='ocr_page ocr_carea ocr_par ocr_line ocrx_word'/>
</head>
<body>
  <div class='ocr_page' id='page_1' title='image "./orationesqudams02cicegoog/orationesqudams02cicegoog_0149.png"; bbox 0 0 2692 4484; ppageno 0'>
   <div class='ocr_carea' id='block_1_1' title="bbox 166 331 952 399">
    <p class='ocr_par' dir='ltr' id='par_1_1' title="bbox 166 331 952 399">
     <span class='ocr_line' id='line_1_1' title="bbox 166 331 952 399; baseline -0.01 -9"><span class='ocrx_word' id='word_1_1' title='bbox 166 338 223 399; x_wconf 73' lang='grc'><strong>144</strong></span> <span class='ocrx_word' id='word_1_2' title='bbox 466 333 603 387; x_wconf 81' lang='lat' dir='ltr'>ORATIO</span> <span class='ocrx_word' id='word_1_3' title='bbox 625 334 664 384; x_wconf 84' lang='lat' dir='ltr'><strong>IN</strong></span> <span class='ocrx_word' id='word_1_4' title='bbox 687 333 725 383; x_wconf 88' lang='grc' dir='ltr'><strong>Μ.</strong></span> <span class='ocrx_word' id='word_1_5' title='bbox 748 331 952 383; x_wconf 71' lang='lat' dir='ltr'><strong>surculum.</strong></span> 
     </span>
    </p>
   </div>
   <div class='ocr_carea' id='block_1_2' title="bbox 164 478 1217 3642">
    <p class='ocr_par' dir='ltr' id='par_1_2' title="bbox 218 478 1217 791">
     <span class='ocr_line' id='line_1_2' title="bbox 259 478 1217 558; baseline -0.001 -19"><span class='ocrx_word' id='word_1_6' title='bbox 259 480 297 539; x_wconf 88' lang='lat' dir='ltr'><strong>Ut</strong></span> <span class='ocrx_word' id='word_1_7' title='bbox 310 481 397 558; x_wconf 83' lang='lat' dir='ltr'><strong>igitur</strong></span> <span class='ocrx_word' id='word_1_8' title='bbox 410 478 441 537; x_wconf 92' lang='lat' dir='ltr'><strong>in</strong></span> <span class='ocrx_word' id='word_1_9' title='bbox 454 478 614 537; x_wconf 90' lang='lat' dir='ltr'><strong>seminibus</strong></span> <span class='ocrx_word' id='word_1_10' title='bbox 627 487 671 535; x_wconf 92' lang='lat' dir='ltr'><strong>est</strong></span> <span class='ocrx_word' id='word_1_11' title='bbox 685 495 775 536; x_wconf 88' lang='lat' dir='ltr'><strong>causa</strong></span> <span class='ocrx_word' id='word_1_12' title='bbox 795 478 930 535; x_wconf 86' lang='lat' dir='ltr'><strong>arborum</strong></span> <span class='ocrx_word' id='word_1_13' title='bbox 950 489 980 536; x_wconf 88' lang='lat' dir='ltr'><strong>et</strong></span> <span class='ocrx_word' id='word_1_14' title='bbox 1001 478 1146 555; x_wconf 77' lang='lat' dir='ltr'><strong>stirpium,</strong></span> <span class='ocrx_word' id='word_1_15' title='bbox 1168 481 1217 539; x_wconf 89' lang='lat' dir='ltr'><strong>sic</strong></span> 
     </span>
     <span class='ocr_line' id='line_1_3' title="bbox 218 555 1215 637; baseline 0 -20"><span class='ocrx_word' id='word_1_16' title='bbox 218 560 303 637; x_wconf 87' lang='lat' dir='ltr'><strong>hujus</strong></span> <span class='ocrx_word' id='word_1_17' title='bbox 316 557 520 617; x_wconf 80' lang='lat' dir='ltr'><strong>luctuosissimi</strong></span> <span class='ocrx_word' id='word_1_18' title='bbox 534 557 603 614; x_wconf 91' lang='lat' dir='ltr'><strong>belli</strong></span> <span class='ocrx_word' id='word_1_19' title='bbox 616 576 717 615; x_wconf 87' lang='lat' dir='ltr'><strong>semen</strong></span> <span class='ocrx_word' id='word_1_20' title='bbox 740 567 772 614; x_wconf 90' lang='lat' dir='ltr'><strong>tu</strong></span> <span class='ocrx_word' id='word_1_21' title='bbox 794 555 882 615; x_wconf 89' lang='lat' dir='ltr'><strong>fuisti.</strong></span> <span class='ocrx_word' id='word_1_22' title='bbox 924 557 1037 616; x_wconf 90' lang='lat' dir='ltr'><strong>Doletis</strong></span> <span class='ocrx_word' id='word_1_23' title='bbox 1049 568 1109 616; x_wconf 90' lang='lat' dir='ltr'><strong>tres</strong></span> <span class='ocrx_word' id='word_1_24' title='bbox 1130 578 1215 617; x_wconf 86' lang='lat' dir='ltr'><strong>exer·</strong></span> 
     </span>
     <span class='ocr_line' id='line_1_4' title="bbox 218 635 1214 715; baseline 0 -19"><span class='ocrx_word' id='word_1_25' title='bbox 218 638 293 697; x_wconf 90' lang='lat' dir='ltr'><strong>citus</strong></span> <span class='ocrx_word' id='word_1_26' title='bbox 305 637 402 715; x_wconf 89' lang='lat' dir='ltr'><strong>populi</strong></span> <span class='ocrx_word' id='word_1_27' title='bbox 416 636 544 695; x_wconf 86' lang='lat' dir='ltr'><strong>Romani</strong></span> <span class='ocrx_word' id='word_1_28' title='bbox 565 636 754 695; x_wconf 85' lang='lat' dir='ltr'><strong>interlectosl</strong></span> <span class='ocrx_word' id='word_1_29' title='bbox 784 635 931 694; x_wconf 81' lang='lat' dir='ltr'><strong>interiecit</strong></span> <span class='ocrx_word' id='word_1_30' title='bbox 953 637 1108 695; x_wconf 88' lang='lat' dir='ltr'><strong>Antonius.</strong></span> <span class='ocrx_word' id='word_1_31' title='bbox 1152 638 1214 696; x_wconf 92' lang='lat' dir='ltr'><strong>De·</strong></span> 
     </span>
     <span class='ocr_line' id='line_1_5' title="bbox 218 715 1213 791; baseline 0.001 -17"><span class='ocrx_word' id='word_1_32' title='bbox 218 717 350 775; x_wconf 90' lang='lat' dir='ltr'><strong>sideratis</strong></span> <span class='ocrx_word' id='word_1_33' title='bbox 363 716 537 774; x_wconf 81' lang='lat' dir='ltr'><strong>clarissImos</strong></span> <span class='ocrx_word' id='word_1_34' title='bbox 550 715 650 773; x_wconf 86' lang='lat' dir='ltr'><strong>civesl</strong></span> <span class='ocrx_word' id='word_1_35' title='bbox 670 735 721 773; x_wconf 90' lang='lat' dir='ltr'><strong>eos</strong></span> <span class='ocrx_word' id='word_1_36' title='bbox 743 734 856 791; x_wconf 87' lang='lat' dir='ltr'><strong>quoque</strong></span> <span class='ocrx_word' id='word_1_37' title='bbox 869 715 975 791; x_wconf 90' lang='lat' dir='ltr'><strong>eripuit</strong></span> <span class='ocrx_word' id='word_1_38' title='bbox 991 716 1070 774; x_wconf 90' lang='lat' dir='ltr'><strong>vobis</strong></span> <span class='ocrx_word' id='word_1_39' title='bbox 1084 718 1213 775; x_wconf 87' lang='lat' dir='ltr'><strong>Antoni-</strong></span> 
     </span>
    </p>

    <p class='ocr_par' dir='ltr' id='par_1_3' title="bbox 181 794 1210 1187">
     <span class='ocr_line' id='line_1_6' title="bbox 181 794 1210 874; baseline 0.001 -22"><span class='ocrx_word' id='word_1_40' title='bbox 181 807 259 860; x_wconf 88' lang='lat' dir='ltr'><strong>5ns.</strong></span> <span class='ocrx_word' id='word_1_41' title='bbox 301 794 468 854; x_wconf 81' lang='lat' dir='ltr'><strong>Auctoritas</strong></span> <span class='ocrx_word' id='word_1_42' title='bbox 481 794 566 874; x_wconf 87' lang='lat' dir='ltr'><strong>hujus</strong></span> <span class='ocrx_word' id='word_1_43' title='bbox 578 794 688 852; x_wconf 84' lang='lat' dir='ltr'><strong>ordinis</strong></span> <span class='ocrx_word' id='word_1_44' title='bbox 709 794 816 852; x_wconf 88' lang='lat' dir='ltr'><strong>afflicta</strong></span> <span class='ocrx_word' id='word_1_45' title='bbox 836 796 900 852; x_wconf 88' lang='lat' dir='ltr'><strong>estl</strong></span> <span class='ocrx_word' id='word_1_46' title='bbox 932 794 1032 851; x_wconf 87' lang='lat' dir='ltr'><strong>afflixit</strong></span> <span class='ocrx_word' id='word_1_47' title='bbox 1052 796 1210 853; x_wconf 88' lang='lat' dir='ltr'><strong>Antonius.</strong></span> 
     </span>
     <span class='ocr_line' id='line_1_7' title="bbox 217 873 1210 949; baseline 0.001 -17"><span class='ocrx_word' id='word_1_48' title='bbox 217 873 326 932; x_wconf 88' lang='lat' dir='ltr'><strong>Omnia</strong></span> <span class='ocrx_word' id='word_1_49' title='bbox 338 874 472 949; x_wconf 90' lang='lat' dir='ltr'><strong>denique,</strong></span> <span class='ocrx_word' id='word_1_50' title='bbox 487 891 550 948; x_wconf 83' lang='lat' dir='ltr'><strong>qnae</strong></span> <span class='ocrx_word' id='word_1_51' title='bbox 563 884 662 949; x_wconf 90' lang='lat' dir='ltr'><strong>postea</strong></span> <span class='ocrx_word' id='word_1_52' title='bbox 675 873 809 945; x_wconf 87' lang='lat' dir='ltr'><strong>vidimus,</strong></span> <span class='ocrx_word' id='word_1_53' title='bbox 834 873 918 949; x_wconf 87' lang='lat' dir='ltr'><strong>(quid</strong></span> <span class='ocrx_word' id='word_1_54' title='bbox 941 883 1037 931; x_wconf 88' lang='lat' dir='ltr'><strong>autem</strong></span> <span class='ocrx_word' id='word_1_55' title='bbox 1060 874 1131 931; x_wconf 89' lang='lat' dir='ltr'><strong>mali</strong></span> <span class='ocrx_word' id='word_1_56' title='bbox 1151 895 1210 933; x_wconf 91' lang='lat' dir='ltr'><strong>non</strong></span> 
     </span>
     <span class='ocr_line' id='line_1_8' title="bbox 217 951 1210 1032; baseline 0.001 -21"><span class='ocrx_word' id='word_1_57' title='bbox 217 953 341 1011; x_wconf 85' lang='lat' dir='ltr'><strong>vidimus</strong></span> <span class='ocrx_word' id='word_1_58' title='bbox 350 954 377 1032; x_wconf 79' lang='lat' dir='ltr'><strong>i)</strong></span> <span class='ocrx_word' id='word_1_59' title='bbox 405 953 430 1010; x_wconf 90' lang='lat' dir='ltr'><strong>si</strong></span> <span class='ocrx_word' id='word_1_60' title='bbox 450 951 529 1011; x_wconf 68' lang='lat' dir='ltr'><strong>recte</strong></span> <span class='ocrx_word' id='word_1_61' title='bbox 551 951 799 1024; x_wconf 89' lang='lat' dir='ltr'><strong>ratiocinabimur‚</strong></span> <span class='ocrx_word' id='word_1_62' title='bbox 822 953 875 1010; x_wconf 91' lang='lat' dir='ltr'><strong>nni</strong></span> <span class='ocrx_word' id='word_1_63' title='bbox 903 964 1024 1029; x_wconf 90' lang='lat' dir='ltr'><strong>accepta</strong></span> <span class='ocrx_word' id='word_1_64' title='bbox 1049 954 1210 1012; x_wconf 88' lang='lat' dir='ltr'><strong>referemus</strong></span> 
     </span>
     <span class='ocr_line' id='line_1_9' title="bbox 217 1030 1209 1108; baseline 0.001 -18"><span class='ocrx_word' id='word_1_65' title='bbox 217 1032 354 1091; x_wconf 85' lang='lat' dir='ltr'><strong>Antonio.</strong></span> <span class='ocrx_word' id='word_1_66' title='bbox 408 1031 448 1090; x_wconf 92' lang='lat' dir='ltr'><strong>Ut</strong></span> <span class='ocrx_word' id='word_1_67' title='bbox 468 1030 584 1089; x_wconf 87' lang='lat' dir='ltr'><strong>Helena</strong></span> <span class='ocrx_word' id='word_1_68' title='bbox 609 1030 756 1107; x_wconf 89' lang='lat' dir='ltr'><strong>Trojanis,</strong></span> <span class='ocrx_word' id='word_1_69' title='bbox 783 1031 827 1089; x_wconf 91' lang='lat' dir='ltr'><strong>sic</strong></span> <span class='ocrx_word' id='word_1_70' title='bbox 853 1031 908 1090; x_wconf 92' lang='lat' dir='ltr'><strong>iste</strong></span> <span class='ocrx_word' id='word_1_71' title='bbox 934 1031 1004 1090; x_wconf 92' lang='lat' dir='ltr'><strong>huic</strong></span> <span class='ocrx_word' id='word_1_72' title='bbox 1030 1032 1209 1108; x_wconf 70' lang='lat' dir='ltr'><strong>reipublicae,</strong></span> 
     </span>
     <span class='ocr_line' id='line_1_10' title="bbox 217 1109 1210 1187; baseline 0 -18"><span class='ocrx_word' id='word_1_73' title='bbox 217 1130 307 1170; x_wconf 90' lang='lat' dir='ltr'><strong>causa</strong></span> <span class='ocrx_word' id='word_1_74' title='bbox 329 1111 407 1183; x_wconf 90' lang='lat' dir='ltr'><strong>belli,</strong></span> <span class='ocrx_word' id='word_1_75' title='bbox 422 1129 512 1169; x_wconf 89' lang='lat' dir='ltr'><strong>causa</strong></span> <span class='ocrx_word' id='word_1_76' title='bbox 532 1109 621 1186; x_wconf 88' lang='lat' dir='ltr'><strong>pestis</strong></span> <span class='ocrx_word' id='word_1_77' title='bbox 643 1120 728 1185; x_wconf 90' lang='lat' dir='ltr'><strong>atque</strong></span> <span class='ocrx_word' id='word_1_78' title='bbox 750 1110 840 1181; x_wconf 80' lang='lat' dir='ltr'><strong>exitii,</strong></span> <span class='ocrx_word' id='word_1_79' title='bbox 855 1110 917 1168; x_wconf 85' lang='lat' dir='ltr'><strong>luit.</strong></span> <span class='ocrx_word' id='word_1_80' title='bbox 958 1110 1092 1186; x_wconf 79' lang='lat' dir='ltr'><strong>Reliquae</strong></span> <span class='ocrx_word' id='word_1_81' title='bbox 1111 1123 1210 1187; x_wconf 89' lang='lat' dir='ltr'><strong>partes</strong></span> 
     </span>
    </p>

    <p class='ocr_par' dir='ltr' id='par_1_4' title="bbox 164 1187 1209 1424">
     <span class='ocr_line' id='line_1_11' title="bbox 164 1187 1208 1267; baseline -0.005 -14"><span class='ocrx_word' id='word_1_82' title='bbox 164 1198 199 1253; x_wconf 89' lang='lat'><strong>10</strong></span> <span class='ocrx_word' id='word_1_83' title='bbox 217 1191 381 1250; x_wconf 74' lang='lat' dir='ltr'><strong>tribunatius</strong></span> <span class='ocrx_word' id='word_1_84' title='bbox 393 1190 534 1267; x_wconf 92' lang='lat' dir='ltr'><strong>principio</strong></span> <span class='ocrx_word' id='word_1_85' title='bbox 546 1188 663 1247; x_wconf 90' lang='lat' dir='ltr'><strong>similes.</strong></span> <span class='ocrx_word' id='word_1_86' title='bbox 704 1187 814 1247; x_wconf 89' lang='lat' dir='ltr'><strong>Omnia</strong></span> <span class='ocrx_word' id='word_1_87' title='bbox 835 1188 966 1265; x_wconf 83' lang='lat' dir='ltr'><strong>perfecit,</strong></span> <span class='ocrx_word' id='word_1_88' title='bbox 991 1209 1064 1264; x_wconf 77' lang='lat' dir='ltr'><strong>qnae,</strong></span> <span class='ocrx_word' id='word_1_89' title='bbox 1079 1200 1208 1262; x_wconf 89' lang='lat' dir='ltr'><strong>senatus,</strong></span> 
     </span>
     <span class='ocr_line' id='line_1_12' title="bbox 217 1267 1209 1345; baseline -0.001 -17"><span class='ocrx_word' id='word_1_90' title='bbox 217 1270 296 1328; x_wconf 73' lang='lat' dir='ltr'><strong>salvi</strong></span> <span class='ocrx_word' id='word_1_91' title='bbox 322 1269 471 1345; x_wconf 73' lang='lat' dir='ltr'><strong>republicis</strong></span> <span class='ocrx_word' id='word_1_92' title='bbox 491 1288 529 1326; x_wconf 93' lang='lat' dir='ltr'><strong>ne</strong></span> <span class='ocrx_word' id='word_1_93' title='bbox 549 1267 611 1326; x_wconf 88' lang='lat' dir='ltr'><strong>lieri</strong></span> <span class='ocrx_word' id='word_1_94' title='bbox 630 1277 754 1345; x_wconf 86' lang='lat' dir='ltr'><strong>possent,</strong></span> <span class='ocrx_word' id='word_1_95' title='bbox 782 1267 951 1345; x_wconf 84' lang='lat' dir='ltr'><strong>perfecerat.</strong></span> <span class='ocrx_word' id='word_1_96' title='bbox 992 1268 1085 1345; x_wconf 84' lang='lat' dir='ltr'><strong>Cujus</strong></span> <span class='ocrx_word' id='word_1_97' title='bbox 1110 1279 1209 1328; x_wconf 88' lang='lat' dir='ltr'><strong>tamen</strong></span> 
     </span>
     <span class='ocr_line' id='line_1_13' title="bbox 217 1347 668 1424; baseline -0.007 -17"><span class='ocrx_word' id='word_1_98' title='bbox 217 1349 312 1407; x_wconf 89' lang='lat' dir='ltr'><strong>scelus</strong></span> <span class='ocrx_word' id='word_1_99' title='bbox 326 1349 357 1407; x_wconf 91' lang='lat' dir='ltr'><strong>in</strong></span> <span class='ocrx_word' id='word_1_100' title='bbox 370 1349 480 1406; x_wconf 90' lang='lat' dir='ltr'><strong>scelere</strong></span> <span class='ocrx_word' id='word_1_101' title='bbox 493 1347 668 1424; x_wconf 85' lang='lat' dir='ltr'><strong>cognoscite.</strong></span> 
     </span>
    </p>

    <p class='ocr_par' dir='ltr' id='par_1_5' title="bbox 217 1423 1210 1576">
     <span class='ocr_line' id='line_1_14' title="bbox 257 1423 1209 1503; baseline -0.001 -17"><span class='ocrx_word' id='word_1_102' title='bbox 257 1426 379 1486; x_wconf 85' lang='lat' dir='ltr'><strong>XXIII.</strong></span> <span class='ocrx_word' id='word_1_103' title='bbox 413 1426 599 1485; x_wconf 88' lang='lat' dir='ltr'><strong>Restituebat</strong></span> <span class='ocrx_word' id='word_1_104' title='bbox 631 1424 736 1484; x_wconf 90' lang='lat' dir='ltr'><strong>multos</strong></span> <span class='ocrx_word' id='word_1_105' title='bbox 763 1425 961 1483; x_wconf 88' lang='lat' dir='ltr'><strong>calamitosos:</strong></span> <span class='ocrx_word' id='word_1_106' title='bbox 992 1423 1025 1488; x_wconf 85' lang='lat' dir='ltr'><strong>in¹</strong></span> <span class='ocrx_word' id='word_1_107' title='bbox 1049 1426 1095 1484; x_wconf 86' lang='lat' dir='ltr'><strong>his</strong></span> <span class='ocrx_word' id='word_1_108' title='bbox 1112 1428 1209 1503; x_wconf 88' lang='lat' dir='ltr'><strong>patrui</strong></span> 
     </span>
     <span class='ocr_line' id='line_1_15' title="bbox 217 1504 1210 1576; baseline -0.002 -10"><span class='ocrx_word' id='word_1_109' title='bbox 217 1507 298 1566; x_wconf 87' lang='lat' dir='ltr'><strong>nulla</strong></span> <span class='ocrx_word' id='word_1_110' title='bbox 317 1506 433 1565; x_wconf 89' lang='lat' dir='ltr'><strong>mentio.</strong></span> <span class='ocrx_word' id='word_1_111' title='bbox 475 1506 508 1563; x_wconf 89' lang='lat' dir='ltr'><strong>Si</strong></span> <span class='ocrx_word' id='word_1_112' title='bbox 535 1524 660 1576; x_wconf 85' lang='lat' dir='ltr'><strong>severus,</strong></span> <span class='ocrx_word' id='word_1_113' title='bbox 689 1524 742 1562; x_wconf 89' lang='lat' dir='ltr'><strong>cur</strong></span> <span class='ocrx_word' id='word_1_114' title='bbox 767 1524 826 1563; x_wconf 89' lang='lat' dir='ltr'><strong>non</strong></span> <span class='ocrx_word' id='word_1_115' title='bbox 852 1504 884 1562; x_wconf 92' lang='lat' dir='ltr'><strong>in</strong></span> <span class='ocrx_word' id='word_1_116' title='bbox 906 1506 1029 1563; x_wconf 83' lang='lat' dir='ltr'><strong>omnesl</strong></span> <span class='ocrx_word' id='word_1_117' title='bbox 1052 1505 1078 1562; x_wconf 91' lang='lat' dir='ltr'><strong>si</strong></span> <span class='ocrx_word' id='word_1_118' title='bbox 1098 1506 1210 1564; x_wconf 85' lang='lat' dir='ltr'><strong>miseri·</strong></span> 
     </span>
    </p>

    <p class='ocr_par' dir='ltr' id='par_1_6' title="bbox 166 1583 1211 1978">
     <span class='ocr_line' id='line_1_16' title="bbox 166 1583 1210 1658; baseline -0.002 -13"><span class='ocrx_word' id='word_1_119' title='bbox 166 1590 200 1645; x_wconf 81' lang='lat'><strong>15</strong></span> <span class='ocrx_word' id='word_1_120' title='bbox 218 1606 291 1658; x_wconf 88' lang='lat' dir='ltr'><strong>cors,</strong></span> <span class='ocrx_word' id='word_1_121' title='bbox 319 1604 372 1644; x_wconf 90' lang='lat' dir='ltr'><strong>cur</strong></span> <span class='ocrx_word' id='word_1_122' title='bbox 397 1604 456 1644; x_wconf 92' lang='lat' dir='ltr'><strong>non</strong></span> <span class='ocrx_word' id='word_1_123' title='bbox 482 1585 513 1643; x_wconf 92' lang='lat' dir='ltr'><strong>in</strong></span> <span class='ocrx_word' id='word_1_124' title='bbox 539 1586 625 1644; x_wconf 84' lang='lat' dir='ltr'><strong>snosl</strong></span> <span class='ocrx_word' id='word_1_125' title='bbox 666 1584 727 1642; x_wconf 87' lang='lat' dir='ltr'><strong>Sed</strong></span> <span class='ocrx_word' id='word_1_126' title='bbox 753 1583 853 1642; x_wconf 89' lang='lat' dir='ltr'><strong>omitto</strong></span> <span class='ocrx_word' id='word_1_127' title='bbox 879 1593 1006 1643; x_wconf 85' lang='lat' dir='ltr'><strong>caeteros.</strong></span> <span class='ocrx_word' id='word_1_128' title='bbox 1060 1583 1210 1643; x_wconf 90' lang='lat' dir='ltr'><strong>Licinium</strong></span> 
     </span>
     <span class='ocr_line' id='line_1_17' title="bbox 218 1662 1211 1736; baseline -0.003 -11"><span class='ocrx_word' id='word_1_129' title='bbox 218 1665 415 1736; x_wconf 91' lang='lat' dir='ltr'><strong>Denticulam,</strong></span> <span class='ocrx_word' id='word_1_130' title='bbox 437 1664 474 1722; x_wconf 95' lang='lat' dir='ltr'><strong>de</strong></span> <span class='ocrx_word' id='word_1_131' title='bbox 497 1664 561 1721; x_wconf 74' lang='lat' dir='ltr'><strong>alei</strong></span> <span class='ocrx_word' id='word_1_132' title='bbox 584 1662 818 1734; x_wconf 88' lang='lat' dir='ltr'><strong>condemnatum,</strong></span> <span class='ocrx_word' id='word_1_133' title='bbox 843 1663 1013 1722; x_wconf 83' lang='lat' dir='ltr'><strong>collusorem</strong></span> <span class='ocrx_word' id='word_1_134' title='bbox 1036 1682 1130 1735; x_wconf 90' lang='lat' dir='ltr'><strong>sunm,</strong></span> <span class='ocrx_word' id='word_1_135' title='bbox 1151 1684 1211 1722; x_wconf 90' lang='lat' dir='ltr'><strong>res-</strong></span> 
     </span>
     <span class='ocr_line' id='line_1_18' title="bbox 217 1741 1211 1821; baseline -0.001 -19"><span class='ocrx_word' id='word_1_136' title='bbox 217 1746 312 1802; x_wconf 89' lang='lat' dir='ltr'><strong>tituit:</strong></span> <span class='ocrx_word' id='word_1_137' title='bbox 332 1744 415 1821; x_wconf 89' lang='lat' dir='ltr'><strong>quasi</strong></span> <span class='ocrx_word' id='word_1_138' title='bbox 428 1741 495 1801; x_wconf 80' lang='lat' dir='ltr'><strong>verb</strong></span> <span class='ocrx_word' id='word_1_139' title='bbox 510 1742 610 1805; x_wconf 78' lang='lat' dir='ltr'><strong>ludere</strong></span> <span class='ocrx_word' id='word_1_140' title='bbox 623 1760 692 1801; x_wconf 90' lang='lat' dir='ltr'><strong>cum</strong></span> <span class='ocrx_word' id='word_1_141' title='bbox 716 1743 907 1802; x_wconf 89' lang='lat' dir='ltr'><strong>condemnato</strong></span> <span class='ocrx_word' id='word_1_142' title='bbox 928 1762 986 1801; x_wconf 91' lang='lat' dir='ltr'><strong>noo</strong></span> <span class='ocrx_word' id='word_1_143' title='bbox 1010 1742 1128 1801; x_wconf 88' lang='lat' dir='ltr'><strong>liceret:</strong></span> <span class='ocrx_word' id='word_1_144' title='bbox 1156 1744 1211 1801; x_wconf 87' lang='lat' dir='ltr'><strong>sed</strong></span> 
     </span>
     <span class='ocr_line' id='line_1_19' title="bbox 218 1821 1209 1899; baseline -0.001 -18"><span class='ocrx_word' id='word_1_145' title='bbox 218 1833 260 1894; x_wconf 88' lang='lat' dir='ltr'><strong>ut,</strong></span> <span class='ocrx_word' id='word_1_146' title='bbox 293 1823 369 1898; x_wconf 91' lang='lat' dir='ltr'><strong>quod</strong></span> <span class='ocrx_word' id='word_1_147' title='bbox 402 1823 433 1881; x_wconf 94' lang='lat' dir='ltr'><strong>in</strong></span> <span class='ocrx_word' id='word_1_148' title='bbox 467 1822 531 1880; x_wconf 76' lang='lat' dir='ltr'><strong>alea</strong></span> <span class='ocrx_word' id='word_1_149' title='bbox 556 1822 732 1897; x_wconf 80' lang='lat' dir='ltr'><strong>perdiderat,</strong></span> <span class='ocrx_word' id='word_1_150' title='bbox 759 1821 902 1880; x_wconf 89' lang='lat' dir='ltr'><strong>beneficio</strong></span> <span class='ocrx_word' id='word_1_151' title='bbox 925 1821 1001 1899; x_wconf 83' lang='lat' dir='ltr'><strong>legis</strong></span> <span class='ocrx_word' id='word_1_152' title='bbox 1033 1822 1209 1880; x_wconf 79' lang='lat' dir='ltr'><strong>dissolveret</strong></span> 
     </span>
     <span class='ocr_line' id='line_1_20' title="bbox 217 1900 1210 1978; baseline -0.003 -16"><span class='ocrx_word' id='word_1_153' title='bbox 217 1901 318 1964; x_wconf 82' lang='lat' dir='ltr'><strong>Quam</strong></span> <span class='ocrx_word' id='word_1_154' title='bbox 340 1901 460 1960; x_wconf 81' lang='lat' dir='ltr'><strong>attulisti</strong></span> <span class='ocrx_word' id='word_1_155' title='bbox 483 1900 623 1959; x_wconf 89' lang='lat' dir='ltr'><strong>rationem</strong></span> <span class='ocrx_word' id='word_1_156' title='bbox 646 1901 752 1978; x_wconf 91' lang='lat' dir='ltr'><strong>populo</strong></span> <span class='ocrx_word' id='word_1_157' title='bbox 773 1901 919 1973; x_wconf 88' lang='lat' dir='ltr'><strong>Romano,</strong></span> <span class='ocrx_word' id='word_1_158' title='bbox 934 1921 986 1960; x_wconf 89' lang='lat' dir='ltr'><strong>cur</strong></span> <span class='ocrx_word' id='word_1_159' title='bbox 1008 1920 1075 1960; x_wconf 90' lang='lat' dir='ltr'><strong>eum</strong></span> <span class='ocrx_word' id='word_1_160' title='bbox 1095 1902 1210 1960; x_wconf 91' lang='lat' dir='ltr'><strong>restitui</strong></span> 
     </span>
    </p>

    <p class='ocr_par' dir='ltr' id='par_1_7' title="bbox 164 1981 1211 2375">
     <span class='ocr_line' id='line_1_21' title="bbox 164 1981 1210 2060; baseline -0.005 -17"><span class='ocrx_word' id='word_1_161' title='bbox 164 1988 201 2043; x_wconf 78' lang='lat'><strong>20</strong></span> <span class='ocrx_word' id='word_1_162' title='bbox 218 1982 381 2058; x_wconf 85' lang='lat' dir='ltr'><strong>oporteretl</strong></span> <span class='ocrx_word' id='word_1_163' title='bbox 403 1981 550 2038; x_wconf 81' lang='lat' dir='ltr'><strong>absentem</strong></span> <span class='ocrx_word' id='word_1_164' title='bbox 573 1981 689 2060; x_wconf 88' lang='lat' dir='ltr'><strong>(oredo)</strong></span> <span class='ocrx_word' id='word_1_165' title='bbox 715 1981 746 2054; x_wconf 85' lang='lat' dir='ltr'><strong>in</strong></span> <span class='ocrx_word' id='word_1_166' title='bbox 768 2000 832 2039; x_wconf 91' lang='lat' dir='ltr'><strong>reos</strong></span> <span class='ocrx_word' id='word_1_167' title='bbox 854 1981 993 2046; x_wconf 74' lang='lat' dir='ltr'><strong>relatum:</strong></span> <span class='ocrx_word' id='word_1_168' title='bbox 1014 2001 1075 2039; x_wconf 90' lang='lat' dir='ltr'><strong>rem</strong></span> <span class='ocrx_word' id='word_1_169' title='bbox 1096 1981 1210 2038; x_wconf 69' lang='lat' dir='ltr'><strong>indictis</strong></span> 
     </span>
     <span class='ocr_line' id='line_1_22' title="bbox 219 2059 1208 2138; baseline 0.003 -19"><span class='ocrx_word' id='word_1_170' title='bbox 219 2062 309 2120; x_wconf 77' lang='lat' dir='ltr'><strong>causi</strong></span> <span class='ocrx_word' id='word_1_171' title='bbox 336 2060 514 2137; x_wconf 84' lang='lat' dir='ltr'><strong>judicatam3</strong></span> <span class='ocrx_word' id='word_1_172' title='bbox 548 2059 661 2118; x_wconf 89' lang='lat' dir='ltr'><strong>nullum</strong></span> <span class='ocrx_word' id='word_1_173' title='bbox 688 2060 777 2118; x_wconf 87' lang='lat' dir='ltr'><strong>fnisse</strong></span> <span class='ocrx_word' id='word_1_174' title='bbox 804 2061 841 2119; x_wconf 88' lang='lat' dir='ltr'><strong>de</strong></span> <span class='ocrx_word' id='word_1_175' title='bbox 869 2061 932 2118; x_wconf 75' lang='lat' dir='ltr'><strong>alei</strong></span> <span class='ocrx_word' id='word_1_176' title='bbox 958 2061 1023 2138; x_wconf 82' lang='lat' dir='ltr'><strong>lege</strong></span> <span class='ocrx_word' id='word_1_177' title='bbox 1047 2059 1208 2136; x_wconf 72' lang='lat' dir='ltr'><strong>judicium:</strong></span> 
     </span>
     <span class='ocr_line' id='line_1_23' title="bbox 218 2139 1211 2217; baseline -0.002 -19"><span class='ocrx_word' id='word_1_178' title='bbox 218 2141 247 2198; x_wconf 86' lang='lat' dir='ltr'><strong>vi</strong></span> <span class='ocrx_word' id='word_1_179' title='bbox 260 2160 435 2217; x_wconf 90' lang='lat' dir='ltr'><strong>oppressum,</strong></span> <span class='ocrx_word' id='word_1_180' title='bbox 458 2149 488 2199; x_wconf 88' lang='lat' dir='ltr'><strong>et</strong></span> <span class='ocrx_word' id='word_1_181' title='bbox 509 2140 612 2210; x_wconf 89' lang='lat' dir='ltr'><strong>armis;</strong></span> <span class='ocrx_word' id='word_1_182' title='bbox 632 2140 786 2216; x_wconf 77' lang='lat' dir='ltr'><strong>postremo,</strong></span> <span class='ocrx_word' id='word_1_183' title='bbox 803 2140 893 2217; x_wconf 92' lang='lat' dir='ltr'><strong>(quod</strong></span> <span class='ocrx_word' id='word_1_184' title='bbox 916 2141 953 2198; x_wconf 96' lang='lat' dir='ltr'><strong>de</strong></span> <span class='ocrx_word' id='word_1_185' title='bbox 975 2150 1075 2217; x_wconf 85' lang='lat' dir='ltr'><strong>patruo</strong></span> <span class='ocrx_word' id='word_1_186' title='bbox 1094 2149 1144 2197; x_wconf 87' lang='lat' dir='ltr'><strong>tuo</strong></span> <span class='ocrx_word' id='word_1_187' title='bbox 1166 2139 1211 2196; x_wconf 90' lang='lat' dir='ltr'><strong>di-</strong></span> 
     </span>
     <span class='ocr_line' id='line_1_24' title="bbox 218 2218 1207 2299; baseline -0.002 -21"><span class='ocrx_word' id='word_1_188' title='bbox 218 2219 352 2299; x_wconf 89' lang='lat' dir='ltr'><strong>cebatur)</strong></span> <span class='ocrx_word' id='word_1_189' title='bbox 374 2219 499 2296; x_wconf 73' lang='lat' dir='ltr'><strong>pecunia</strong></span> <span class='ocrx_word' id='word_1_190' title='bbox 523 2219 667 2296; x_wconf 87' lang='lat' dir='ltr'><strong>judicium</strong></span> <span class='ocrx_word' id='word_1_191' title='bbox 688 2238 752 2277; x_wconf 88' lang='lat' dir='ltr'><strong>esse</strong></span> <span class='ocrx_word' id='word_1_192' title='bbox 780 2228 952 2295; x_wconf 89' lang='lat' dir='ltr'><strong>corruptum.</strong></span> <span class='ocrx_word' id='word_1_193' title='bbox 993 2218 1076 2277; x_wconf 94' lang='lat' dir='ltr'><strong>Nihil</strong></span> <span class='ocrx_word' id='word_1_194' title='bbox 1096 2219 1207 2277; x_wconf 91' lang='lat' dir='ltr'><strong>horum.</strong></span> 
     </span>
     <span class='ocr_line' id='line_1_25' title="bbox 219 2297 1209 2375; baseline 0 -18"><span class='ocrx_word' id='word_1_195' title='bbox 219 2301 261 2357; x_wconf 80' lang='lat' dir='ltr'><strong>At</strong></span> <span class='ocrx_word' id='word_1_196' title='bbox 286 2299 329 2357; x_wconf 84' lang='lat' dir='ltr'><strong>vir</strong></span> <span class='ocrx_word' id='word_1_197' title='bbox 356 2300 457 2371; x_wconf 90' lang='lat' dir='ltr'><strong>bouus,</strong></span> <span class='ocrx_word' id='word_1_198' title='bbox 484 2308 514 2357; x_wconf 89' lang='lat' dir='ltr'><strong>et</strong></span> <span class='ocrx_word' id='word_1_199' title='bbox 540 2298 689 2375; x_wconf 75' lang='lat' dir='ltr'><strong>republici</strong></span> <span class='ocrx_word' id='word_1_200' title='bbox 713 2298 825 2375; x_wconf 83' lang='lat' dir='ltr'><strong>dignus.</strong></span> <span class='ocrx_word' id='word_1_201' title='bbox 877 2297 960 2356; x_wconf 92' lang='lat' dir='ltr'><strong>Nihil</strong></span> <span class='ocrx_word' id='word_1_202' title='bbox 982 2298 1013 2356; x_wconf 91' lang='lat' dir='ltr'><strong>id</strong></span> <span class='ocrx_word' id='word_1_203' title='bbox 1033 2297 1148 2374; x_wconf 89' lang='lat' dir='ltr'><strong>quidem</strong></span> <span class='ocrx_word' id='word_1_204' title='bbox 1172 2298 1209 2357; x_wconf 88' lang='lat' dir='ltr'><strong>ad</strong></span> 
     </span>
    </p>

    <p class='ocr_par' dir='ltr' id='par_1_8' title="bbox 165 2376 1210 2771">
     <span class='ocr_line' id='line_1_26' title="bbox 165 2376 1210 2455; baseline -0.005 -15"><span class='ocrx_word' id='word_1_205' title='bbox 165 2385 298 2440; x_wconf 74' lang='lat' dir='ltr'><strong>251em:</strong></span> <span class='ocrx_word' id='word_1_206' title='bbox 333 2398 387 2455; x_wconf 82' lang='lat' dir='ltr'><strong>ego</strong></span> <span class='ocrx_word' id='word_1_207' title='bbox 413 2389 520 2449; x_wconf 88' lang='lat' dir='ltr'><strong>tamen,</strong></span> <span class='ocrx_word' id='word_1_208' title='bbox 546 2377 682 2454; x_wconf 91' lang='lat' dir='ltr'><strong>quoniam</strong></span> <span class='ocrx_word' id='word_1_209' title='bbox 709 2378 931 2436; x_wconf 87' lang='lat' dir='ltr'><strong>condemnatum</strong></span> <span class='ocrx_word' id='word_1_210' title='bbox 944 2398 1015 2436; x_wconf 65' lang='lat' dir='ltr'><strong>,esse</strong></span> <span class='ocrx_word' id='word_1_211' title='bbox 1041 2397 1093 2454; x_wconf 90' lang='lat' dir='ltr'><strong>pro</strong></span> <span class='ocrx_word' id='word_1_212' title='bbox 1118 2376 1210 2435; x_wconf 89' lang='lat' dir='ltr'><strong>nihilo</strong></span> 
     </span>
     <span class='ocr_line' id='line_1_27' title="bbox 219 2456 1210 2533; baseline -0.001 -19"><span class='ocrx_word' id='word_1_213' title='bbox 219 2467 272 2527; x_wconf 92' lang='lat' dir='ltr'><strong>est,</strong></span> <span class='ocrx_word' id='word_1_214' title='bbox 286 2457 311 2513; x_wconf 89' lang='lat' dir='ltr'><strong>si</strong></span> <span class='ocrx_word' id='word_1_215' title='bbox 333 2456 374 2513; x_wconf 90' lang='lat' dir='ltr'><strong>ita</strong></span> <span class='ocrx_word' id='word_1_216' title='bbox 396 2467 482 2527; x_wconf 89' lang='lat' dir='ltr'><strong>esset,</strong></span> <span class='ocrx_word' id='word_1_217' title='bbox 506 2457 695 2533; x_wconf 83' lang='lat' dir='ltr'><strong>ignoscerem.</strong></span> <span class='ocrx_word' id='word_1_218' title='bbox 738 2456 895 2515; x_wconf 89' lang='lat' dir='ltr'><strong>Hominem</strong></span> <span class='ocrx_word' id='word_1_219' title='bbox 918 2476 996 2528; x_wconf 89' lang='lat' dir='ltr'><strong>vero,</strong></span> <span class='ocrx_word' id='word_1_220' title='bbox 1009 2457 1137 2515; x_wconf 90' lang='lat' dir='ltr'><strong>omnium</strong></span> <span class='ocrx_word' id='word_1_221' title='bbox 1158 2475 1210 2514; x_wconf 90' lang='lat' dir='ltr'><strong>ne-</strong></span> 
     </span>
     <span class='ocr_line' id='line_1_28' title="bbox 219 2534 1208 2612; baseline 0.003 -22"><span class='ocrx_word' id='word_1_222' title='bbox 219 2534 398 2610; x_wconf 87' lang='lat' dir='ltr'><strong>quissimum,</strong></span> <span class='ocrx_word' id='word_1_223' title='bbox 413 2535 534 2608; x_wconf 93' lang='lat' dir='ltr'><strong>quinon</strong></span> <span class='ocrx_word' id='word_1_224' title='bbox 555 2536 700 2594; x_wconf 88' lang='lat' dir='ltr'><strong>dubitaret</strong></span> <span class='ocrx_word' id='word_1_225' title='bbox 721 2537 766 2593; x_wconf 90' lang='lat' dir='ltr'><strong>vel</strong></span> <span class='ocrx_word' id='word_1_226' title='bbox 788 2535 819 2594; x_wconf 91' lang='lat' dir='ltr'><strong>in</strong></span> <span class='ocrx_word' id='word_1_227' title='bbox 843 2537 903 2595; x_wconf 83' lang='lat' dir='ltr'><strong>loro</strong></span> <span class='ocrx_word' id='word_1_228' title='bbox 925 2536 988 2594; x_wconf 74' lang='lat' dir='ltr'><strong>alei</strong></span> <span class='ocrx_word' id='word_1_229' title='bbox 1009 2536 1118 2607; x_wconf 89' lang='lat' dir='ltr'><strong>ludere,</strong></span> <span class='ocrx_word' id='word_1_230' title='bbox 1132 2535 1208 2612; x_wconf 85' lang='lat' dir='ltr'><strong>lege,</strong></span> 
     </span>
     <span class='ocr_line' id='line_1_29' title="bbox 218 2612 1210 2692; baseline 0.001 -22"><span class='ocrx_word' id='word_1_231' title='bbox 218 2621 339 2689; x_wconf 86' lang='lat' dir='ltr'><strong>quaeest</strong></span> <span class='ocrx_word' id='word_1_232' title='bbox 353 2612 389 2670; x_wconf 87' lang='lat' dir='ltr'><strong>de</strong></span> <span class='ocrx_word' id='word_1_233' title='bbox 403 2613 476 2686; x_wconf 71' lang='lat' dir='ltr'><strong>alei,</strong></span> <span class='ocrx_word' id='word_1_234' title='bbox 491 2615 724 2686; x_wconf 88' lang='lat' dir='ltr'><strong>condemnatum,</strong></span> <span class='ocrx_word' id='word_1_235' title='bbox 738 2614 788 2690; x_wconf 91' lang='lat' dir='ltr'><strong>qui</strong></span> <span class='ocrx_word' id='word_1_236' title='bbox 810 2615 840 2674; x_wconf 90' lang='lat' dir='ltr'><strong>in</strong></span> <span class='ocrx_word' id='word_1_237' title='bbox 862 2615 1005 2692; x_wconf 84' lang='lat' dir='ltr'><strong>integrum</strong></span> <span class='ocrx_word' id='word_1_238' title='bbox 1030 2615 1162 2685; x_wconf 90' lang='lat' dir='ltr'><strong>restituit,</strong></span> <span class='ocrx_word' id='word_1_239' title='bbox 1183 2615 1210 2671; x_wconf 92' lang='lat' dir='ltr'><strong>is</strong></span> 
     </span>
     <span class='ocr_line' id='line_1_30' title="bbox 217 2691 1161 2771; baseline 0.001 -20"><span class='ocrx_word' id='word_1_240' title='bbox 217 2712 275 2751; x_wconf 93' lang='lat' dir='ltr'><strong>non</strong></span> <span class='ocrx_word' id='word_1_241' title='bbox 290 2691 468 2767; x_wconf 72' lang='lat' dir='ltr'><strong>apertissime</strong></span> <span class='ocrx_word' id='word_1_242' title='bbox 483 2693 610 2751; x_wconf 89' lang='lat' dir='ltr'><strong>studium</strong></span> <span class='ocrx_word' id='word_1_243' title='bbox 624 2713 709 2751; x_wconf 89' lang='lat' dir='ltr'><strong>sunm</strong></span> <span class='ocrx_word' id='word_1_244' title='bbox 723 2694 784 2769; x_wconf 88' lang='lat' dir='ltr'><strong>ipse</strong></span> <span class='ocrx_word' id='word_1_245' title='bbox 797 2695 963 2771; x_wconf 69' lang='lat' dir='ltr'><strong>profitetur?</strong></span> <span class='ocrx_word' id='word_1_246' title='bbox 1159 2757 1161 2760; x_wconf 55' lang='grc'><strong>,</strong></span> 
     </span>
    </p>

    <p class='ocr_par' dir='ltr' id='par_1_9' title="bbox 165 2769 1209 3166">
     <span class='ocr_line' id='line_1_31' title="bbox 165 2769 1208 2850; baseline -0.001 -19"><span class='ocrx_word' id='word_1_247' title='bbox 165 2776 202 2831; x_wconf 83' lang='grc'><strong>30</strong></span> <span class='ocrx_word' id='word_1_248' title='bbox 257 2770 293 2830; x_wconf 92' lang='lat' dir='ltr'><strong>In</strong></span> <span class='ocrx_word' id='word_1_249' title='bbox 307 2771 408 2828; x_wconf 90' lang='lat' dir='ltr'><strong>eodem</strong></span> <span class='ocrx_word' id='word_1_250' title='bbox 431 2770 499 2829; x_wconf 82' lang='lat' dir='ltr'><strong>verb</strong></span> <span class='ocrx_word' id='word_1_251' title='bbox 514 2772 672 2843; x_wconf 88' lang='lat' dir='ltr'><strong>tribunatu,</strong></span> <span class='ocrx_word' id='word_1_252' title='bbox 695 2771 763 2831; x_wconf 81' lang='lat' dir='ltr'><strong>cinn</strong></span> <span class='ocrx_word' id='word_1_253' title='bbox 778 2769 887 2845; x_wconf 72' lang='lat' dir='ltr'><strong>Caesar,</strong></span> <span class='ocrx_word' id='word_1_254' title='bbox 903 2774 932 2832; x_wconf 90' lang='lat' dir='ltr'><strong>in</strong></span> <span class='ocrx_word' id='word_1_255' title='bbox 955 2773 1125 2850; x_wconf 89' lang='lat' dir='ltr'><strong>Hispaniam</strong></span> <span class='ocrx_word' id='word_1_256' title='bbox 1144 2792 1208 2849; x_wconf 88' lang='lat' dir='ltr'><strong>pro·</strong></span> 
     </span>
     <span class='ocr_line' id='line_1_32' title="bbox 217 2850 1209 2927; baseline 0.001 -20"><span class='ocrx_word' id='word_1_257' title='bbox 217 2850 361 2922; x_wconf 88' lang='lat' dir='ltr'><strong>ficiscens,</strong></span> <span class='ocrx_word' id='word_1_258' title='bbox 386 2851 456 2908; x_wconf 93' lang='lat' dir='ltr'><strong>huic</strong></span> <span class='ocrx_word' id='word_1_259' title='bbox 477 2851 706 2909; x_wconf 89' lang='lat' dir='ltr'><strong>conculcandam</strong></span> <span class='ocrx_word' id='word_1_260' title='bbox 727 2851 843 2910; x_wconf 88' lang='lat' dir='ltr'><strong>Italiam</strong></span> <span class='ocrx_word' id='word_1_261' title='bbox 867 2853 1049 2922; x_wconf 82' lang='lat' dir='ltr'><strong>tradidisset3</strong></span> <span class='ocrx_word' id='word_1_262' title='bbox 1070 2871 1133 2927; x_wconf 76' lang='lat' dir='ltr'><strong>qnae</strong></span> <span class='ocrx_word' id='word_1_263' title='bbox 1154 2850 1209 2909; x_wconf 83' lang='lat' dir='ltr'><strong>luit</strong></span> 
     </span>
     <span class='ocr_line' id='line_1_33' title="bbox 217 2930 1209 3009; baseline 0 -21"><span class='ocrx_word' id='word_1_264' title='bbox 217 2930 279 3007; x_wconf 86' lang='lat' dir='ltr'><strong>ejus</strong></span> <span class='ocrx_word' id='word_1_265' title='bbox 292 2930 454 3007; x_wconf 85' lang='lat' dir='ltr'><strong>peragratio</strong></span> <span class='ocrx_word' id='word_1_266' title='bbox 467 2930 624 2988; x_wconf 89' lang='lat' dir='ltr'><strong>itineruml</strong></span> <span class='ocrx_word' id='word_1_267' title='bbox 643 2930 775 2989; x_wconf 88' lang='lat' dir='ltr'><strong>lustratio</strong></span> <span class='ocrx_word' id='word_1_268' title='bbox 788 2932 1030 3009; x_wconf 78' lang='lat' dir='ltr'><strong>municipioroml</strong></span> <span class='ocrx_word' id='word_1_269' title='bbox 1072 2931 1141 2989; x_wconf 82' lang='lat' dir='ltr'><strong>Scio</strong></span> <span class='ocrx_word' id='word_1_270' title='bbox 1160 2949 1209 2988; x_wconf 90' lang='lat' dir='ltr'><strong>me</strong></span> 
     </span>
     <span class='ocr_line' id='line_1_34' title="bbox 218 3009 1207 3089; baseline 0 -22"><span class='ocrx_word' id='word_1_271' title='bbox 218 3009 248 3067; x_wconf 92' lang='lat' dir='ltr'><strong>in</strong></span> <span class='ocrx_word' id='word_1_272' title='bbox 275 3009 362 3068; x_wconf 91' lang='lat' dir='ltr'><strong>rebus</strong></span> <span class='ocrx_word' id='word_1_273' title='bbox 388 3009 622 3089; x_wconf 87' lang='lat' dir='ltr'><strong>celebratissimis</strong></span> <span class='ocrx_word' id='word_1_274' title='bbox 648 3029 780 3068; x_wconf 89' lang='lat' dir='ltr'><strong>sermone</strong></span> <span class='ocrx_word' id='word_1_275' title='bbox 806 3012 935 3070; x_wconf 90' lang='lat' dir='ltr'><strong>omnium</strong></span> <span class='ocrx_word' id='word_1_276' title='bbox 962 3011 1079 3082; x_wconf 87' lang='lat' dir='ltr'><strong>versari,</strong></span> <span class='ocrx_word' id='word_1_277' title='bbox 1106 3029 1207 3085; x_wconf 90' lang='lat' dir='ltr'><strong>eaque,</strong></span> 
     </span>
     <span class='ocr_line' id='line_1_35' title="bbox 217 3089 1208 3166; baseline -0.002 -18"><span class='ocrx_word' id='word_1_278' title='bbox 217 3109 282 3166; x_wconf 82' lang='lat' dir='ltr'><strong>quae</strong></span> <span class='ocrx_word' id='word_1_279' title='bbox 308 3090 385 3161; x_wconf 91' lang='lat' dir='ltr'><strong>dico,</strong></span> <span class='ocrx_word' id='word_1_280' title='bbox 412 3090 599 3165; x_wconf 84' lang='lat' dir='ltr'><strong>dicturusque</strong></span> <span class='ocrx_word' id='word_1_281' title='bbox 626 3108 700 3160; x_wconf 90' lang='lat' dir='ltr'><strong>sum,</strong></span> <span class='ocrx_word' id='word_1_282' title='bbox 727 3090 839 3148; x_wconf 90' lang='lat' dir='ltr'><strong>notiora</strong></span> <span class='ocrx_word' id='word_1_283' title='bbox 856 3091 992 3150; x_wconf 90' lang='lat' dir='ltr'><strong>omnibus</strong></span> <span class='ocrx_word' id='word_1_284' title='bbox 1019 3110 1082 3148; x_wconf 90' lang='lat' dir='ltr'><strong>esse</strong></span> <span class='ocrx_word' id='word_1_285' title='bbox 1107 3089 1157 3165; x_wconf 92' lang='lat' dir='ltr'><strong>qni</strong></span> <span class='ocrx_word' id='word_1_286' title='bbox 1177 3089 1208 3146; x_wconf 91' lang='lat' dir='ltr'><strong>in</strong></span> 
     </span>
    </p>

    <p class='ocr_par' dir='ltr' id='par_1_10' title="bbox 165 3166 1209 3541">
     <span class='ocr_line' id='line_1_36' title="bbox 165 3166 1208 3245; baseline -0.006 -14"><span class='ocrx_word' id='word_1_287' title='bbox 165 3169 304 3231; x_wconf 70' lang='lat' dir='ltr'><strong>stlatis</strong></span> <span class='ocrx_word' id='word_1_288' title='bbox 330 3180 392 3227; x_wconf 89' lang='lat' dir='ltr'><strong>tum</strong></span> <span class='ocrx_word' id='word_1_289' title='bbox 416 3169 507 3241; x_wconf 69' lang='lat' dir='ltr'><strong>fuere,</strong></span> <span class='ocrx_word' id='word_1_290' title='bbox 528 3166 615 3245; x_wconf 82' lang='lat' dir='ltr'><strong>qudm</strong></span> <span class='ocrx_word' id='word_1_291' title='bbox 635 3169 717 3241; x_wconf 91' lang='lat' dir='ltr'><strong>mihi,</strong></span> <span class='ocrx_word' id='word_1_292' title='bbox 738 3169 864 3245; x_wconf 91' lang='lat' dir='ltr'><strong>quinon</strong></span> <span class='ocrx_word' id='word_1_293' title='bbox 885 3170 935 3229; x_wconf 84' lang='lat' dir='ltr'><strong>fui.</strong></span> <span class='ocrx_word' id='word_1_294' title='bbox 976 3169 1093 3229; x_wconf 92' lang='lat' dir='ltr'><strong>Notabo</strong></span> <span class='ocrx_word' id='word_1_295' title='bbox 1111 3179 1208 3226; x_wconf 87' lang='lat' dir='ltr'><strong>tamen</strong></span> 
     </span>
     <span class='ocr_line' id='line_1_37' title="bbox 218 3248 1209 3326; baseline -0.004 -18"><span class='ocrx_word' id='word_1_296' title='bbox 218 3250 346 3326; x_wconf 84' lang='lat' dir='ltr'><strong>singulas</strong></span> <span class='ocrx_word' id='word_1_297' title='bbox 360 3269 424 3307; x_wconf 91' lang='lat' dir='ltr'><strong>res:</strong></span> <span class='ocrx_word' id='word_1_298' title='bbox 446 3249 499 3310; x_wconf 86' lang='lat' dir='ltr'><strong>etsi</strong></span> <span class='ocrx_word' id='word_1_299' title='bbox 519 3249 697 3307; x_wconf 86' lang='lat' dir='ltr'><strong>nullomodo</strong></span> <span class='ocrx_word' id='word_1_300' title='bbox 716 3248 820 3325; x_wconf 91' lang='lat' dir='ltr'><strong>poterit</strong></span> <span class='ocrx_word' id='word_1_301' title='bbox 841 3249 933 3308; x_wconf 92' lang='lat' dir='ltr'><strong>oratio</strong></span> <span class='ocrx_word' id='word_1_302' title='bbox 955 3269 1021 3308; x_wconf 90' lang='lat' dir='ltr'><strong>mea</strong></span> <span class='ocrx_word' id='word_1_303' title='bbox 1042 3249 1209 3307; x_wconf 84' lang='lat' dir='ltr'><strong>satisfacere</strong></span> 
     </span>
     <span class='ocr_line' id='line_1_38' title="bbox 218 3328 1208 3404; baseline -0.002 -20"><span class='ocrx_word' id='word_1_304' title='bbox 218 3339 319 3385; x_wconf 73' lang='lat' dir='ltr'><strong>vestrae</strong></span> <span class='ocrx_word' id='word_1_305' title='bbox 346 3328 483 3386; x_wconf 77' lang='lat' dir='ltr'><strong>scientie.</strong></span> <span class='ocrx_word' id='word_1_306' title='bbox 524 3328 642 3387; x_wconf 88' lang='lat' dir='ltr'><strong>Etenim</strong></span> <span class='ocrx_word' id='word_1_307' title='bbox 669 3329 746 3403; x_wconf 90' lang='lat' dir='ltr'><strong>quod</strong></span> <span class='ocrx_word' id='word_1_308' title='bbox 773 3348 899 3404; x_wconf 89' lang='lat' dir='ltr'><strong>unquam</strong></span> <span class='ocrx_word' id='word_1_309' title='bbox 927 3328 957 3387; x_wconf 90' lang='lat' dir='ltr'><strong>in</strong></span> <span class='ocrx_word' id='word_1_310' title='bbox 984 3328 1069 3387; x_wconf 91' lang='lat' dir='ltr'><strong>terris</strong></span> <span class='ocrx_word' id='word_1_311' title='bbox 1095 3336 1208 3384; x_wconf 91' lang='lat' dir='ltr'><strong>tantum</strong></span> 
     </span>
     <span class='ocr_line' id='line_1_39' title="bbox 218 3403 1207 3485; baseline 0.002 -25"><span class='ocrx_word' id='word_1_312' title='bbox 218 3403 360 3479; x_wconf 86' lang='lat' dir='ltr'><strong>flagitium</strong></span> <span class='ocrx_word' id='word_1_313' title='bbox 387 3407 529 3464; x_wconf 83' lang='lat' dir='ltr'><strong>exstitisse</strong></span> <span class='ocrx_word' id='word_1_314' title='bbox 557 3407 688 3465; x_wconf 88' lang='lat' dir='ltr'><strong>auditum</strong></span> <span class='ocrx_word' id='word_1_315' title='bbox 715 3409 780 3466; x_wconf 77' lang='lat' dir='ltr'><strong>esti</strong></span> <span class='ocrx_word' id='word_1_316' title='bbox 814 3406 937 3485; x_wconf 90' lang='lat' dir='ltr'><strong>[tantam</strong></span> <span class='ocrx_word' id='word_1_317' title='bbox 963 3406 1171 3485; x_wconf 91' lang='lat' dir='ltr'><strong>turpitudinem</strong></span> <span class='ocrx_word' id='word_1_318' title='bbox 1179 3404 1207 3484; x_wconf 81' lang='lat' dir='ltr'><strong>l]</strong></span> 
     </span>
     <span class='ocr_line' id='line_1_40' title="bbox 217 3484 495 3541; baseline 0.014 -3"><span class='ocrx_word' id='word_1_319' title='bbox 217 3491 330 3539; x_wconf 87' lang='lat' dir='ltr'><strong>tantum</strong></span> <span class='ocrx_word' id='word_1_320' title='bbox 345 3484 495 3541; x_wconf 79' lang='lat' dir='ltr'><strong>dedecusl</strong></span> 
     </span>
    </p>

    <p class='ocr_par' dir='ltr' id='par_1_11' title="bbox 166 3559 1210 3642">
     <span class='ocr_line' id='line_1_41' title="bbox 166 3559 1210 3642; baseline 0.002 -25"><span class='ocrx_word' id='word_1_321' title='bbox 166 3563 203 3618; x_wconf 75' lang='lat'><strong>40</strong></span> <span class='ocrx_word' id='word_1_322' title='bbox 258 3559 375 3618; x_wconf 87' lang='lat' dir='ltr'><strong>XXIV.</strong></span> <span class='ocrx_word' id='word_1_323' title='bbox 409 3562 578 3621; x_wconf 89' lang='lat' dir='ltr'><strong>Vehebatur</strong></span> <span class='ocrx_word' id='word_1_324' title='bbox 609 3563 640 3621; x_wconf 90' lang='lat' dir='ltr'><strong>in</strong></span> <span class='ocrx_word' id='word_1_325' title='bbox 666 3565 768 3623; x_wconf 88' lang='lat' dir='ltr'><strong>essedo</strong></span> <span class='ocrx_word' id='word_1_326' title='bbox 794 3566 926 3624; x_wconf 88' lang='lat' dir='ltr'><strong>tribunus</strong></span> <span class='ocrx_word' id='word_1_327' title='bbox 951 3565 1061 3642; x_wconf 89' lang='lat' dir='ltr'><strong>plebis:</strong></span> <span class='ocrx_word' id='word_1_328' title='bbox 1094 3563 1210 3621; x_wconf 86' lang='lat' dir='ltr'><strong>lictores</strong></span> 
     </span>
    </p>
   </div>
   <div class='ocr_carea' id='block_1_3' title="bbox 218 3639 1313 3721">
    <p class='ocr_par' dir='ltr' id='par_1_12' title="bbox 218 3639 1313 3721">
     <span class='ocr_line' id='line_1_42' title="bbox 218 3639 1313 3721; baseline 0.002 -25"><span class='ocrx_word' id='word_1_329' title='bbox 218 3639 341 3697; x_wconf 90' lang='lat' dir='ltr'><strong>laureati</strong></span> <span class='ocrx_word' id='word_1_330' title='bbox 355 3641 582 3698; x_wconf 87' lang='lat' dir='ltr'><strong>antecedebant:</strong></span> <span class='ocrx_word' id='word_1_331' title='bbox 603 3642 678 3699; x_wconf 90' lang='lat' dir='ltr'><strong>inter</strong></span> <span class='ocrx_word' id='word_1_332' title='bbox 692 3662 772 3718; x_wconf 87' lang='lat' dir='ltr'><strong>qnos,</strong></span> <span class='ocrx_word' id='word_1_333' title='bbox 788 3646 885 3721; x_wconf 78' lang='lat' dir='ltr'><strong>aperti</strong></span> <span class='ocrx_word' id='word_1_334' title='bbox 908 3643 1026 3716; x_wconf 70' lang='lat' dir='ltr'><strong>lectica,</strong></span> <span class='ocrx_word' id='word_1_335' title='bbox 1040 3644 1129 3701; x_wconf 90' lang='lat' dir='ltr'><strong>mima</strong></span> <span class='ocrx_word' id='word_1_336' title='bbox 1147 3661 1210 3719; x_wconf 91' lang='lat' dir='ltr'><strong>por·</strong></span> <span class='ocrx_word' id='word_1_337' title='bbox 1310 3705 1313 3712; x_wconf 41' lang='grc'><strong><em>,</em></strong></span> 
     </span>
    </p>
   </div>
   <div class='ocr_carea' id='block_1_4' title="bbox 99 3718 1213 4050">
    <p class='ocr_par' dir='ltr' id='par_1_13' title="bbox 99 3718 1213 4050">
     <span class='ocr_line' id='line_1_43' title="bbox 218 3718 1210 3800; baseline 0.001 -24"><span class='ocrx_word' id='word_1_338' title='bbox 218 3718 351 3789; x_wconf 88' lang='lat' dir='ltr'><strong>tabatur;</strong></span> <span class='ocrx_word' id='word_1_339' title='bbox 386 3736 473 3792; x_wconf 86' lang='lat' dir='ltr'><strong>qnam</strong></span> <span class='ocrx_word' id='word_1_340' title='bbox 500 3738 535 3776; x_wconf 86' lang='lat' dir='ltr'><strong>ex</strong></span> <span class='ocrx_word' id='word_1_341' title='bbox 560 3720 672 3796; x_wconf 90' lang='lat' dir='ltr'><strong>oppidis</strong></span> <span class='ocrx_word' id='word_1_342' title='bbox 698 3723 900 3800; x_wconf 88' lang='lat' dir='ltr'><strong>municipales,</strong></span> <span class='ocrx_word' id='word_1_343' title='bbox 928 3724 1060 3782; x_wconf 89' lang='lat' dir='ltr'><strong>homines</strong></span> <span class='ocrx_word' id='word_1_344' title='bbox 1086 3720 1210 3797; x_wconf 85' lang='lat' dir='ltr'><strong>honesti,</strong></span> 
     </span>
     <span class='ocr_line' id='line_1_44' title="bbox 218 3795 1212 3874; baseline 0 -17"><span class='ocrx_word' id='word_1_345' title='bbox 218 3796 333 3857; x_wconf 83' lang='lat' dir='ltr'><strong>obvidm</strong></span> <span class='ocrx_word' id='word_1_346' title='bbox 346 3795 512 3856; x_wconf 75' lang='lat' dir='ltr'><strong>necessario</strong></span> <span class='ocrx_word' id='word_1_347' title='bbox 532 3800 716 3874; x_wconf 87' lang='lat' dir='ltr'><strong>prodeuntes,</strong></span> <span class='ocrx_word' id='word_1_348' title='bbox 740 3821 798 3860; x_wconf 92' lang='lat' dir='ltr'><strong>non</strong></span> <span class='ocrx_word' id='word_1_349' title='bbox 819 3814 887 3861; x_wconf 91' lang='lat' dir='ltr'><strong>noto</strong></span> <span class='ocrx_word' id='word_1_350' title='bbox 910 3802 959 3861; x_wconf 91' lang='lat' dir='ltr'><strong>illo</strong></span> <span class='ocrx_word' id='word_1_351' title='bbox 980 3812 1009 3860; x_wconf 90' lang='lat' dir='ltr'><strong>et</strong></span> <span class='ocrx_word' id='word_1_352' title='bbox 1023 3801 1141 3859; x_wconf 87' lang='lat' dir='ltr'><strong>mimico</strong></span> <span class='ocrx_word' id='word_1_353' title='bbox 1160 3820 1212 3858; x_wconf 89' lang='lat' dir='ltr'><strong>no-</strong></span> 
     </span>
     <span class='ocr_line' id='line_1_45' title="bbox 219 3876 1213 3956; baseline 0.002 -22"><span class='ocrx_word' id='word_1_354' title='bbox 219 3877 307 3949; x_wconf 91' lang='lat' dir='ltr'><strong>mine,</strong></span> <span class='ocrx_word' id='word_1_355' title='bbox 332 3877 383 3935; x_wconf 90' lang='lat' dir='ltr'><strong>sed</strong></span> <span class='ocrx_word' id='word_1_356' title='bbox 406 3876 602 3949; x_wconf 88' lang='lat' dir='ltr'><strong>Volumniam,</strong></span> <span class='ocrx_word' id='word_1_357' title='bbox 632 3880 860 3939; x_wconf 88' lang='lat' dir='ltr'><strong>consalutabant.</strong></span> <span class='ocrx_word' id='word_1_358' title='bbox 912 3881 1094 3956; x_wconf 82' lang='lat' dir='ltr'><strong>Sequebatur</strong></span> <span class='ocrx_word' id='word_1_359' title='bbox 1120 3880 1213 3937; x_wconf 91' lang='lat' dir='ltr'><strong>rheda</strong></span> 
     </span>
     <span class='ocr_line' id='line_1_46' title="bbox 99 3955 1211 4050; baseline 0.002 -39"><span class='ocrx_word' id='word_1_360' title='bbox 99 4009 101 4011; x_wconf 76' lang='grc'>,</span> <span class='ocrx_word' id='word_1_361' title='bbox 167 3958 203 4024; x_wconf 71' lang='grc'><strong>45</strong></span> <span class='ocrx_word' id='word_1_362' title='bbox 220 3974 288 4024; x_wconf 84' lang='lat' dir='ltr'><strong>curn</strong></span> <span class='ocrx_word' id='word_1_363' title='bbox 302 3955 471 4041; x_wconf 54' lang='lat' dir='ltr'><strong>lenonibus}</strong></span> <span class='ocrx_word' id='word_1_364' title='bbox 493 3957 613 4032; x_wconf 78' lang='lat' dir='ltr'><strong>comites</strong></span> <span class='ocrx_word' id='word_1_365' title='bbox 632 3958 818 4050; x_wconf 49' lang='lat' dir='ltr'><strong>nequissimi}</strong></span> <span class='ocrx_word' id='word_1_366' title='bbox 839 3958 949 4032; x_wconf 85' lang='lat' dir='ltr'><strong>rejecta</strong></span> <span class='ocrx_word' id='word_1_367' title='bbox 972 3970 1064 4032; x_wconf 77' lang='lat' dir='ltr'><strong>mater</strong></span> <span class='ocrx_word' id='word_1_368' title='bbox 1086 3957 1211 4031; x_wconf 78' lang='lat' dir='ltr'><strong>amicarq</strong></span> 
     </span>
    </p>
   </div>
   <div class='ocr_carea' id='block_1_5' title="bbox 0 0 1350 4484">
    <p class='ocr_par' dir='ltr' id='par_1_14' title="bbox 0 0 1350 4484">
     <span class='ocr_line' id='line_1_47' title="bbox 0 0 1350 4484; baseline 0 0"><span class='ocrx_word' id='word_1_369' title='bbox 0 0 1350 4484; x_wconf 95' lang='lat' dir='ltr'><strong> </strong></span> 
     </span>
    </p>
   </div>
  </div>
 </body>
</html>
