2692 4484
83 319 86 336 ⁴
168 369 227 429 ΗΒ
424 363 562 417 ORATIO
584 364 655 415 PRO
676 363 710 415 Τ.
731 362 847 414 ANNIO
868 363 1020 415 MILONE.

215 510 321 588 capite,
336 530 354 568 a
366 510 424 568 vita
439 510 502 581 sud,
514 509 730 587 propulsarent,
750 528 809 568 non
821 507 940 586 potestis
953 508 1009 566 hoc
1029 509 1146 568 facinus
1161 510 1223 567 irn-

214 592 335 668 probum
345 590 488 667 judicare,
503 589 573 665 quin
593 587 679 645 simul
697 588 845 666 judicetis,
859 587 1002 659 omnibus,
1017 589 1066 663 qui
1082 590 1112 647 in
1126 590 1221 649 latro·

214 689 267 729 nes
294 669 459 741 inciderint,
484 677 534 726 aut
554 668 669 726 illorum
690 668 756 726 telis
778 677 828 726 aut
848 666 950 725 vestris
973 669 1125 727 sententiis
1146 689 1218 728 esse

213 749 402 826 pereundum.
944 751 950 756 ’
1149 821 1157 826 .

182 824 201 878 5
253 825 384 889 Quodsi
398 826 590 901 itaputasset,
610 824 690 885 certe
711 826 866 902 optabilius
889 824 995 883 Miloni
1017 825 1118 885 fuisset
1140 828 1216 885 dare

182 969 183 976 ,
219 907 353 983 jugulum
376 905 408 963 P.
432 905 545 977 Clodio,
567 926 626 964 non
649 906 739 963 semel
765 906 801 962 ab
824 904 873 962 illo
896 922 991 978 neque
1005 914 1069 962 tum
1080 904 1214 983 primirm

214 986 345 1061 petitum,
359 983 446 1061 quiam
463 984 591 1061 jugulari
605 1004 622 1042 a
643 984 733 1055 vebia,
748 984 817 1058 quia
838 1003 869 1040 se
884 984 925 1040 illi
945 1001 1004 1040 non
1015 984 1214 1061 jugulandum

214 1064 387 1122 tradidisset.
429 1064 483 1120 Sin
497 1064 553 1121 hoc
574 1063 798 1121 nemovestrirm
813 1062 854 1119 ita
875 1062 978 1132 sentit,
1000 1064 1072 1121 illud
1093 1064 1154 1140 jam
1178 1066 1214 1122 in

219 1142 369 1219 judicium,
389 1142 477 1214 venit,
504 1162 572 1213 non,
600 1142 765 1200 Occisusne
785 1141 823 1198 sit
851 1139 941 1217 (quod
969 1142 1116 1222 fatemur),
1145 1145 1212 1214 sed,
1245 1167 1248 1170 ‘

166 1217 202 1272 10
215 1221 297 1294 Jure,
312 1241 349 1280 an
363 1221 484 1299 injurid3
505 1222 581 1297 quod
595 1221 693 1278 multis
715 1221 745 1278 in
767 1220 864 1278 causis
885 1238 961 1296 saepe
981 1222 1132 1296 quaesitum
1154 1234 1209 1279 est.

214 1300 341 1359 Insidiae
354 1301 447 1359 saetas
460 1320 524 1358 esse
544 1311 674 1358 constat:
695 1310 725 1358 et
748 1300 778 1357 id
800 1309 853 1370 est,
869 1301 945 1374 quod
968 1309 1085 1360 senatus
1106 1314 1212 1359 contra

214 1380 423 1457 rempublicam
445 1380 553 1437 factum
564 1379 722 1456 judicavit:
745 1380 782 1436 ab
796 1388 860 1436 utro
876 1380 959 1436 factae
982 1380 1048 1450 sint,
1063 1379 1210 1437 incertum

215 1470 266 1518 est.
308 1460 355 1517 De
369 1461 425 1517 hoe
438 1459 536 1537 igitur,
549 1458 640 1516 latum
655 1467 708 1530 est,
717 1467 749 1515 ut
762 1467 946 1534 quereretur.
988 1457 1035 1515 Ita
1048 1469 1076 1516 et
1090 1470 1211 1517 senatus

215 1558 286 1611 rem,
310 1558 368 1597 non
392 1539 548 1609 hominem,
570 1537 695 1608 notavit;
717 1546 747 1595 et
768 1537 932 1613 Pompeius,
955 1538 992 1594 de
1003 1537 1076 1614 jure,
1090 1558 1148 1596 non
1170 1540 1210 1595 de

85 1652 93 1661 ·
167 1625 202 1679 15
216 1618 302 1689 sacto,
316 1619 503 1694 questionem
517 1617 591 1674 tulit.

255 1696 328 1755 XII.
361 1697 521 1771 *Numquid
545 1696 633 1773 igitur
648 1695 727 1753 aliud
749 1695 780 1752 in
796 1694 940 1771 judicium
954 1696 1041 1767 uenit,
1056 1696 1122 1767 nisi,
1143 1707 1210 1754 uter

215 1777 273 1833 utri
287 1776 407 1833 insidias
427 1774 546 1833 feeeritl
579 1773 720 1850 profecto,
742 1774 833 1844 nihil;
865 1774 890 1831 si
912 1774 961 1848 hic
985 1774 1036 1847 illi,
1059 1785 1091 1832 ut
1114 1775 1209 1832 nesit

216 1852 352 1929 impune3
373 1854 399 1910 si
412 1854 461 1910 ille
475 1854 555 1924 huic,
569 1863 630 1910 tum
645 1872 698 1910 nos
712 1853 822 1911 scelere
836 1854 987 1912 solvamur.

153 1931 162 1938 ’
253 1930 392 1994 Quonam
407 1932 495 2008 igitur
508 1940 594 2008 pacto
605 1931 721 2007 probari
733 1942 835 2009 potest,
851 1930 970 1990 insidias
984 1930 1088 1990 Miloni
1102 1932 1209 1990 fecisse

164 2012 201 2069 20
215 2010 374 2069 Clodiuml
399 2010 476 2068 Satis
490 2021 534 2068 est
547 2010 675 2085 quidem,
694 2011 725 2069 in
739 2011 862 2069 blatam
885 2011 997 2082 audaci,
1019 2019 1078 2067 tam
1094 2012 1208 2069 nefarii

215 2091 322 2163 bellua,
351 2091 466 2162 docere,
495 2109 633 2167 magnam
667 2090 696 2148 ei
724 2108 853 2161 causam,
890 2108 1023 2166 magnam
1055 2109 1147 2166 spem,
1177 2091 1208 2148 in

155 2231 159 2246 ,
215 2168 335 2229 Milonis
349 2179 440 2228 morte
460 2170 643 2248 propositam,
663 2188 785 2246 magnas
805 2169 945 2226 utilitates
965 2168 1060 2225 fuisse.
1102 2168 1208 2245 Itaque

216 2248 288 2307 illud
311 2250 495 2322 Cassianum,
517 2268 569 2307 cur
591 2268 673 2306 sono
696 2267 820 2319 suanis,
835 2247 865 2305 in
880 2248 934 2304 his
954 2247 1082 2323 personis
1095 2248 1226 2317 valeat3.

215 2329 269 2385 etsi
284 2329 352 2387 boni
365 2328 446 2387 nullo
459 2328 652 2387 emolumento
672 2327 858 2403 impelluntur
878 2327 909 2386 iu
930 2327 1070 2397 fraudem,
1085 2325 1207 2402 improbi

164 2406 200 2459 25
215 2426 290 2483 saepe
303 2427 398 2483 parvo.
441 2408 542 2483 Atqui,
556 2406 668 2464 Milone
683 2406 843 2476 interfecto,
858 2405 979 2462 Clodius
1000 2407 1054 2463 hoc
1076 2424 1207 2480 asseque-

215 2486 308 2554 batur,
323 2505 381 2543 non
394 2484 480 2543 modd
495 2495 527 2542 ut
539 2495 642 2561 praetor
656 2494 741 2556 esset,
756 2505 814 2542 non
828 2504 863 2542 eo
877 2485 1004 2554 consule,
1019 2504 1076 2560 quo
1089 2484 1206 2542 sceleris

214 2561 287 2619 nihil
301 2563 398 2620 facere
410 2573 522 2639 posset3
532 2564 595 2634 sed
608 2564 706 2634 etiam,
721 2573 753 2620 ut
767 2564 812 2620 his
826 2563 992 2635 consulibus
1004 2573 1107 2639 praetor
1119 2574 1204 2635 esset,

214 2640 329 2715 quibus,
343 2641 368 2697 si
382 2662 440 2699 non
464 2642 675 2718 adjuvantibus,
700 2652 729 2700 at
752 2642 973 2700 conniventibus
996 2641 1086 2713 certe,
1111 2661 1205 2717 spera-

215 2729 267 2791 ret,
292 2738 324 2777 se
352 2739 435 2795 posse
465 2721 674 2796 rempublicam
703 2721 821 2780 eludere
848 2721 878 2778 in
905 2721 962 2778 illis
988 2721 1048 2777 suis
1075 2721 1206 2800 cogitatis

163 2806 200 2861 30
215 2797 376 2857 furoribus:
398 2799 480 2875 cujus
494 2799 536 2856 illi
550 2810 671 2858 conatus
693 2800 739 2876 (ut
759 2799 820 2875 ipse
841 2800 1079 2879 ratiocinabatur)
1095 2819 1159 2865 nec,
1180 2800 1205 2856 si

213 2887 339 2953 possent,
354 2878 509 2953 reprimere
523 2889 672 2953 cuperent,
684 2876 753 2952 crim
766 2888 879 2939 tantum
890 2878 1064 2937 beneficium
1074 2878 1101 2936 ei
1112 2897 1142 2935 se
1155 2878 1205 2935 de-

215 2956 283 3015 bere
298 2957 522 3028 arbitrarentur,
543 2966 582 3029 et,
597 2958 622 3014 si
635 2958 750 3030 vellent,
762 2959 881 3017 fortasse
892 2958 938 3014 vix
947 2968 1063 3033 possent
1073 2958 1204 3033 frangere

215 3036 338 3095 hominis
352 3035 566 3094 sceleratissimi
577 3038 788 3096 corroboratam
799 3037 860 3114 jam
873 3036 1015 3095 vetustate
1030 3035 1189 3096 audaciam.
1240 3054 1248 3064 ·

254 3116 303 3174 An
317 3113 396 3187 verd,
407 3114 531 3192 judices,
552 3134 601 3173 vos
624 3116 677 3174 soli
701 3116 861 3193 ignoratisl
881 3135 930 3172 vos
954 3116 1079 3202 hospites
1099 3115 1127 3171 in
1149 3115 1204 3171 hac

163 3197 199 3252 35
214 3196 286 3254 urbe
299 3193 476 3254 versaminil
497 3204 597 3253 vestrae
619 3196 840 3271 peregrinantur
865 3196 970 3252 auresl
991 3214 1086 3269 neque
1100 3193 1130 3250 in
1150 3193 1204 3249 boc

213 3284 369 3352 pervagato
396 3273 520 3332 civitatis
549 3292 680 3331 sermone
700 3285 859 3344 versantur,
887 3292 958 3346 ques
985 3273 1034 3331 ille
1060 3273 1139 3348 leges
1167 3269 1204 3345 (si

213 3351 293 3427 leges
307 3352 490 3411 nominande
503 3362 579 3423 sunt,
595 3371 630 3409 ac
643 3372 701 3410 non
716 3352 795 3410 faces
808 3351 897 3421 urbis,
922 3361 952 3406 et
972 3361 1069 3425 pestes
1092 3349 1220 3424 reipub·

213 3427 291 3516 lieae)
320 3429 406 3486 fixerit
432 3429 615 3503 impositurus
640 3429 723 3487 nobis
749 3430 891 3497 omnibus,
923 3436 1009 3499 atque
1036 3429 1202 3485 inusturusl

213 3504 337 3580 Exhibe,
353 3524 458 3578 quaeso,
483 3507 570 3563 Sexte
594 3507 689 3576 Clodi,
714 3506 819 3563 exhibe
842 3503 991 3561 librarium
1015 3502 1087 3558 illud
1107 3503 1205 3581 legum

163 3580 200 3636 40
213 3592 382 3653 vestrarum,
410 3584 486 3658 quod
512 3593 541 3639 te
562 3584 643 3640 aiunt
669 3583 809 3657 eripuisse
830 3603 847 3640 e
867 3583 960 3649 domo,
982 3589 1012 3636 et
1038 3599 1074 3638 ex
1101 3583 1203 3640 mediis

215 3660 301 3718 armis
331 3661 473 3734 turbaque·
502 3661 654 3731 nocturna,
679 3670 820 3739 tanquam
847 3657 1020 3731 Palladium,
1045 3661 1202 3732 sustulisse,

214 3749 247 3797 ut
258 3741 429 3815 praeclarum
442 3737 577 3795 videlicet
590 3756 706 3810 munus,
722 3741 808 3814 atque
831 3740 1054 3799 instrumentum
1078 3740 1202 3798 tribuna-

214 3819 271 3897 tirs,
286 3820 322 3887 ad
337 3818 471 3906 aliquem,
486 3816 509 3873 si
523 3826 627 3887 nactus
646 3836 735 3889 esses,
750 3818 800 3911 qui
822 3830 873 3880 tuo
887 3817 1005 3891 arbitrio
1027 3819 1200 3893 tribunatum
1244 3855 1247 3860 -
1335 3837 1336 3844 ¹
