<?xml version="1.0" encoding="UTF-8"?>
<!DOCTYPE html PUBLIC "-//W3C//DTD XHTML 1.0 Transitional//EN"
    "http://www.w3.org/TR/xhtml1/DTD/xhtml1-transitional.dtd">
<html xmlns="http://www.w3.org/1999/xhtml" xml:lang="en" lang="en">
 <head>
  <title>
</title>
<meta http-equiv="Content-Type" content="text/html;charset=utf-8" />
  <meta name='ocr-system' content='tesseract 3.04.00' />
  <meta name='ocr-capabilities' content='ocr_page ocr_carea ocr_par ocr_line ocrx_word'/>
</head>
<body>
  <div class='ocr_page' id='page_1' title='image "./orationesqudams02cicegoog/orationesqudams02cicegoog_0111.png"; bbox 0 0 2692 4484; ppageno 0'>
   <div class='ocr_carea' id='block_1_1' title="bbox 150 260 995 327">
    <p class='ocr_par' dir='ltr' id='par_1_1' title="bbox 150 260 995 327">
     <span class='ocr_line' id='line_1_1' title="bbox 150 260 995 327; baseline -0.002 -12"><span class='ocrx_word' id='word_1_1' title='bbox 150 267 209 327; x_wconf 71' lang='grc' dir='ltr'><strong>ιω</strong></span> <span class='ocrx_word' id='word_1_2' title='bbox 399 262 536 314; x_wconf 79' lang='lat' dir='ltr'><strong>onamo</strong></span> <span class='ocrx_word' id='word_1_3' title='bbox 558 262 629 313; x_wconf 77' lang='lat' dir='ltr'><strong>ano</strong></span> <span class='ocrx_word' id='word_1_4' title='bbox 650 262 683 312; x_wconf 80' lang='lat' dir='ltr'><strong>v.</strong></span> <span class='ocrx_word' id='word_1_5' title='bbox 705 261 821 314; x_wconf 74' lang='lat' dir='ltr'><strong>numo</strong></span> <span class='ocrx_word' id='word_1_6' title='bbox 843 260 995 313; x_wconf 79' lang='lat' dir='ltr'><strong>mnonn.</strong></span> 
     </span>
    </p>
   </div>
   <div class='ocr_carea' id='block_1_2' title="bbox 129 406 1206 1203">
    <p class='ocr_par' dir='ltr' id='par_1_2' title="bbox 129 406 1206 1203">
     <span class='ocr_line' id='line_1_2' title="bbox 239 406 1204 485; baseline 0.002 -18"><span class='ocrx_word' id='word_1_7' title='bbox 239 407 527 481; x_wconf 61' lang='lat' dir='ltr'><strong>lxxtauamohrem,</strong></span> <span class='ocrx_word' id='word_1_8' title='bbox 546 408 671 485; x_wconf 89' lang='lat' dir='ltr'><strong>judices,</strong></span> <span class='ocrx_word' id='word_1_9' title='bbox 696 417 729 465; x_wconf 96' lang='lat' dir='ltr'><strong>ut</strong></span> <span class='ocrx_word' id='word_1_10' title='bbox 757 406 911 482; x_wconf 91' lang='lat' dir='ltr'><strong>aliquando</strong></span> <span class='ocrx_word' id='word_1_11' title='bbox 932 408 969 465; x_wconf 92' lang='lat' dir='ltr'><strong>ad</strong></span> <span class='ocrx_word' id='word_1_12' title='bbox 996 427 1119 467; x_wconf 88' lang='lat' dir='ltr'><strong>causam</strong></span> <span class='ocrx_word' id='word_1_13' title='bbox 1149 429 1204 469; x_wconf 85' lang='lat' dir='ltr'><strong>crr-</strong></span> 
     </span>
     <span class='ocr_line' id='line_1_3' title="bbox 199 485 1205 565; baseline 0 -17"><span class='ocrx_word' id='word_1_14' title='bbox 199 508 324 565; x_wconf 88' lang='lat' dir='ltr'><strong>menque</strong></span> <span class='ocrx_word' id='word_1_15' title='bbox 338 488 504 559; x_wconf 82' lang='lat' dir='ltr'><strong>veniamus3</strong></span> <span class='ocrx_word' id='word_1_16' title='bbox 526 487 551 545; x_wconf 88' lang='lat' dir='ltr'><strong>si</strong></span> <span class='ocrx_word' id='word_1_17' title='bbox 565 506 660 563; x_wconf 90' lang='lat' dir='ltr'><strong>neque</strong></span> <span class='ocrx_word' id='word_1_18' title='bbox 674 485 770 545; x_wconf 89' lang='lat' dir='ltr'><strong>omnis</strong></span> <span class='ocrx_word' id='word_1_19' title='bbox 791 486 935 545; x_wconf 84' lang='lat' dir='ltr'><strong>confessio</strong></span> <span class='ocrx_word' id='word_1_20' title='bbox 957 488 1028 545; x_wconf 85' lang='lat' dir='ltr'><strong>facti</strong></span> <span class='ocrx_word' id='word_1_21' title='bbox 1052 499 1097 547; x_wconf 90' lang='lat' dir='ltr'><strong>est</strong></span> <span class='ocrx_word' id='word_1_22' title='bbox 1113 489 1205 549; x_wconf 90' lang='lat' dir='ltr'><strong>inusi-</strong></span> 
     </span>
     <span class='ocr_line' id='line_1_4' title="bbox 199 566 1205 646; baseline -0.001 -18"><span class='ocrx_word' id='word_1_23' title='bbox 199 580 279 640; x_wconf 84' lang='lat' dir='ltr'><strong>tata;</strong></span> <span class='ocrx_word' id='word_1_24' title='bbox 299 587 395 644; x_wconf 90' lang='lat' dir='ltr'><strong>neque</strong></span> <span class='ocrx_word' id='word_1_25' title='bbox 416 568 453 625; x_wconf 94' lang='lat' dir='ltr'><strong>de</strong></span> <span class='ocrx_word' id='word_1_26' title='bbox 475 567 565 626; x_wconf 79' lang='lat' dir='ltr'><strong>causti</strong></span> <span class='ocrx_word' id='word_1_27' title='bbox 579 567 738 646; x_wconf 83' lang='lat' dir='ltr'><strong>quidquam</strong></span> <span class='ocrx_word' id='word_1_28' title='bbox 762 566 860 624; x_wconf 70' lang='lat' dir='ltr'><strong>nostra</strong></span> <span class='ocrx_word' id='word_1_29' title='bbox 883 566 976 639; x_wconf 90' lang='lat' dir='ltr'><strong>aliter,</strong></span> <span class='ocrx_word' id='word_1_30' title='bbox 992 586 1028 627; x_wconf 90' lang='lat' dir='ltr'><strong>ac</strong></span> <span class='ocrx_word' id='word_1_31' title='bbox 1041 588 1094 627; x_wconf 89' lang='lat' dir='ltr'><strong>nos</strong></span> <span class='ocrx_word' id='word_1_32' title='bbox 1116 570 1205 628; x_wconf 88' lang='lat' dir='ltr'><strong>velle·</strong></span> 
     </span>
     <span class='ocr_line' id='line_1_5' title="bbox 200 645 1204 723; baseline 0.001 -17"><span class='ocrx_word' id='word_1_33' title='bbox 200 668 275 721; x_wconf 93' lang='lat' dir='ltr'><strong>mus,</strong></span> <span class='ocrx_word' id='word_1_34' title='bbox 290 657 424 705; x_wconf 88' lang='lat' dir='ltr'><strong>asenatu</strong></span> <span class='ocrx_word' id='word_1_35' title='bbox 442 646 606 723; x_wconf 87' lang='lat' dir='ltr'><strong>judicatum</strong></span> <span class='ocrx_word' id='word_1_36' title='bbox 620 657 681 716; x_wconf 84' lang='lat' dir='ltr'><strong>est3</strong></span> <span class='ocrx_word' id='word_1_37' title='bbox 702 655 732 703; x_wconf 93' lang='lat' dir='ltr'><strong>et</strong></span> <span class='ocrx_word' id='word_1_38' title='bbox 754 646 827 704; x_wconf 92' lang='lat' dir='ltr'><strong>lator</strong></span> <span class='ocrx_word' id='word_1_39' title='bbox 849 645 910 722; x_wconf 88' lang='lat' dir='ltr'><strong>ipse</strong></span> <span class='ocrx_word' id='word_1_40' title='bbox 934 646 1017 723; x_wconf 85' lang='lat' dir='ltr'><strong>logis,</strong></span> <span class='ocrx_word' id='word_1_41' title='bbox 1039 647 1110 706; x_wconf 80' lang='lat' dir='ltr'><strong>crim</strong></span> <span class='ocrx_word' id='word_1_42' title='bbox 1125 659 1204 707; x_wconf 87' lang='lat' dir='ltr'><strong>esset</strong></span> 
     </span>
     <span class='ocr_line' id='line_1_6' title="bbox 168 725 1204 803; baseline 0.002 -18"><span class='ocrx_word' id='word_1_43' title='bbox 168 730 187 785; x_wconf 82' lang='lat'><strong>5</strong></span> <span class='ocrx_word' id='word_1_44' title='bbox 201 727 395 787; x_wconf 87' lang='lat' dir='ltr'><strong>controversia</strong></span> <span class='ocrx_word' id='word_1_45' title='bbox 416 726 498 785; x_wconf 88' lang='lat' dir='ltr'><strong>nulla</strong></span> <span class='ocrx_word' id='word_1_46' title='bbox 517 727 597 799; x_wconf 83' lang='lat' dir='ltr'><strong>facti,</strong></span> <span class='ocrx_word' id='word_1_47' title='bbox 617 725 690 803; x_wconf 89' lang='lat' dir='ltr'><strong>juris</strong></span> <span class='ocrx_word' id='word_1_48' title='bbox 703 735 801 783; x_wconf 89' lang='lat' dir='ltr'><strong>tamen</strong></span> <span class='ocrx_word' id='word_1_49' title='bbox 816 725 1055 802; x_wconf 79' lang='lat' dir='ltr'><strong>disceptationem</strong></span> <span class='ocrx_word' id='word_1_50' title='bbox 1069 747 1136 786; x_wconf 89' lang='lat' dir='ltr'><strong>esse</strong></span> <span class='ocrx_word' id='word_1_51' title='bbox 1156 747 1204 787; x_wconf 93' lang='lat' dir='ltr'><strong>vo-</strong></span> 
     </span>
     <span class='ocr_line' id='line_1_7' title="bbox 129 804 1204 882; baseline 0.001 -17"><span class='ocrx_word' id='word_1_52' title='bbox 129 817 132 824; x_wconf 76' lang='lat'>‘</span> <span class='ocrx_word' id='word_1_53' title='bbox 200 807 270 878; x_wconf 84' lang='lat' dir='ltr'><strong>luit3</strong></span> <span class='ocrx_word' id='word_1_54' title='bbox 291 815 322 865; x_wconf 90' lang='lat' dir='ltr'><strong>et</strong></span> <span class='ocrx_word' id='word_1_55' title='bbox 334 805 422 864; x_wconf 90' lang='lat' dir='ltr'><strong>electi</strong></span> <span class='ocrx_word' id='word_1_56' title='bbox 433 806 558 882; x_wconf 90' lang='lat' dir='ltr'><strong>judices,</strong></span> <span class='ocrx_word' id='word_1_57' title='bbox 583 805 665 882; x_wconf 91' lang='lat' dir='ltr'><strong>isque</strong></span> <span class='ocrx_word' id='word_1_58' title='bbox 688 804 856 881; x_wconf 73' lang='lat' dir='ltr'><strong>prepositus</strong></span> <span class='ocrx_word' id='word_1_59' title='bbox 879 807 1041 881; x_wconf 72' lang='lat' dir='ltr'><strong>quaestioni,</strong></span> <span class='ocrx_word' id='word_1_60' title='bbox 1065 808 1116 882; x_wconf 90' lang='lat' dir='ltr'><strong>qui</strong></span> <span class='ocrx_word' id='word_1_61' title='bbox 1138 808 1204 866; x_wconf 80' lang='lat' dir='ltr'><strong>haec</strong></span> 
     </span>
     <span class='ocr_line' id='line_1_8' title="bbox 205 884 1206 967; baseline 0.002 -24"><span class='ocrx_word' id='word_1_62' title='bbox 205 884 283 964; x_wconf 73' lang='lat' dir='ltr'><strong>juste</strong></span> <span class='ocrx_word' id='word_1_63' title='bbox 311 886 511 967; x_wconf 78' lang='lat' dir='ltr'><strong>sapienterque</strong></span> <span class='ocrx_word' id='word_1_64' title='bbox 532 886 690 963; x_wconf 83' lang='lat' dir='ltr'><strong>disceptet3</strong></span> <span class='ocrx_word' id='word_1_65' title='bbox 712 885 854 960; x_wconf 91' lang='lat' dir='ltr'><strong>reliquum</strong></span> <span class='ocrx_word' id='word_1_66' title='bbox 881 894 934 957; x_wconf 91' lang='lat' dir='ltr'><strong>est,</strong></span> <span class='ocrx_word' id='word_1_67' title='bbox 959 885 1083 963; x_wconf 89' lang='lat' dir='ltr'><strong>judices,</strong></span> <span class='ocrx_word' id='word_1_68' title='bbox 1105 897 1140 944; x_wconf 91' lang='lat' dir='ltr'><strong>ut</strong></span> <span class='ocrx_word' id='word_1_69' title='bbox 1159 887 1206 946; x_wconf 91' lang='lat' dir='ltr'><strong>ni·</strong></span> 
     </span>
     <span class='ocr_line' id='line_1_9' title="bbox 202 964 1206 1043; baseline 0.002 -20"><span class='ocrx_word' id='word_1_70' title='bbox 202 967 242 1024; x_wconf 91' lang='lat' dir='ltr'><strong>hil</strong></span> <span class='ocrx_word' id='word_1_71' title='bbox 261 966 320 1043; x_wconf 91' lang='lat' dir='ltr'><strong>jam</strong></span> <span class='ocrx_word' id='word_1_72' title='bbox 343 966 422 1023; x_wconf 89' lang='lat' dir='ltr'><strong>aliud</strong></span> <span class='ocrx_word' id='word_1_73' title='bbox 443 984 572 1040; x_wconf 88' lang='lat' dir='ltr'><strong>quaerere</strong></span> <span class='ocrx_word' id='word_1_74' title='bbox 594 964 735 1037; x_wconf 77' lang='lat' dir='ltr'><strong>debeatis,</strong></span> <span class='ocrx_word' id='word_1_75' title='bbox 758 964 826 1035; x_wconf 91' lang='lat' dir='ltr'><strong>nisi,</strong></span> <span class='ocrx_word' id='word_1_76' title='bbox 850 975 914 1023; x_wconf 91' lang='lat' dir='ltr'><strong>uter</strong></span> <span class='ocrx_word' id='word_1_77' title='bbox 939 965 996 1024; x_wconf 88' lang='lat' dir='ltr'><strong>utri</strong></span> <span class='ocrx_word' id='word_1_78' title='bbox 1018 966 1141 1025; x_wconf 92' lang='lat' dir='ltr'><strong>insidias</strong></span> <span class='ocrx_word' id='word_1_79' title='bbox 1162 968 1206 1025; x_wconf 88' lang='lat' dir='ltr'><strong>fe-</strong></span> 
     </span>
     <span class='ocr_line' id='line_1_10' title="bbox 202 1042 1203 1123; baseline 0 -19"><span class='ocrx_word' id='word_1_80' title='bbox 202 1045 284 1104; x_wconf 89' lang='lat' dir='ltr'><strong>cerit.</strong></span> <span class='ocrx_word' id='word_1_81' title='bbox 338 1044 428 1106; x_wconf 80' lang='lat' dir='ltr'><strong>Quod</strong></span> <span class='ocrx_word' id='word_1_82' title='bbox 456 1043 513 1121; x_wconf 79' lang='lat' dir='ltr'><strong>qud</strong></span> <span class='ocrx_word' id='word_1_83' title='bbox 541 1042 658 1103; x_wconf 76' lang='lat' dir='ltr'><strong>facilius</strong></span> <span class='ocrx_word' id='word_1_84' title='bbox 679 1044 867 1121; x_wconf 86' lang='lat' dir='ltr'><strong>argumentis·</strong></span> <span class='ocrx_word' id='word_1_85' title='bbox 883 1045 1048 1121; x_wconf 81' lang='lat' dir='ltr'><strong>perspicere</strong></span> <span class='ocrx_word' id='word_1_86' title='bbox 1073 1047 1203 1123; x_wconf 87' lang='lat' dir='ltr'><strong>possitis,</strong></span> 
     </span>
     <span class='ocr_line' id='line_1_11' title="bbox 157 1123 1205 1203; baseline 0.006 -25"><span class='ocrx_word' id='word_1_87' title='bbox 157 1124 189 1178; x_wconf 85' lang='lat'><strong>10</strong></span> <span class='ocrx_word' id='word_1_88' title='bbox 203 1143 265 1183; x_wconf 89' lang='lat' dir='ltr'><strong>rem</strong></span> <span class='ocrx_word' id='word_1_89' title='bbox 285 1133 396 1202; x_wconf 89' lang='lat' dir='ltr'><strong>gestam</strong></span> <span class='ocrx_word' id='word_1_90' title='bbox 417 1124 498 1182; x_wconf 91' lang='lat' dir='ltr'><strong>vobis</strong></span> <span class='ocrx_word' id='word_1_91' title='bbox 519 1124 589 1181; x_wconf 90' lang='lat' dir='ltr'><strong>dum</strong></span> <span class='ocrx_word' id='word_1_92' title='bbox 616 1123 741 1182; x_wconf 88' lang='lat' dir='ltr'><strong>breviter</strong></span> <span class='ocrx_word' id='word_1_93' title='bbox 761 1143 881 1202; x_wconf 82' lang='lat' dir='ltr'><strong>expono,</strong></span> <span class='ocrx_word' id='word_1_94' title='bbox 912 1144 1017 1201; x_wconf 82' lang='lat' dir='ltr'><strong>quaeso,</strong></span> <span class='ocrx_word' id='word_1_95' title='bbox 1045 1126 1205 1203; x_wconf 83' lang='lat' dir='ltr'><strong>diligenter</strong></span> 
     </span>
    </p>
   </div>
   <div class='ocr_carea' id='block_1_3' title="bbox 90 1205 353 1264">
    <p class='ocr_par' dir='ltr' id='par_1_3' title="bbox 90 1205 353 1264">
     <span class='ocr_line' id='line_1_12' title="bbox 90 1205 353 1264; baseline 0 -1"><span class='ocrx_word' id='word_1_96' title='bbox 90 1236 98 1251; x_wconf 72' lang='lat'>=</span> <span class='ocrx_word' id='word_1_97' title='bbox 204 1205 353 1264; x_wconf 87' lang='lat' dir='ltr'><strong>attendite.</strong></span> 
     </span>
    </p>
   </div>
   <div class='ocr_carea' id='block_1_4' title="bbox 204 1282 1206 1521">
    <p class='ocr_par' dir='ltr' id='par_1_4' title="bbox 204 1282 1206 1521">
     <span class='ocr_line' id='line_1_13' title="bbox 244 1282 1205 1374; baseline 0.002 -32"><span class='ocrx_word' id='word_1_98' title='bbox 244 1284 277 1343; x_wconf 86' lang='lat' dir='ltr'><strong>P.</strong></span> <span class='ocrx_word' id='word_1_99' title='bbox 292 1285 413 1343; x_wconf 87' lang='lat' dir='ltr'><strong>Clodius</strong></span> <span class='ocrx_word' id='word_1_100' title='bbox 437 1282 506 1342; x_wconf 71' lang='lat' dir='ltr'><strong>clun</strong></span> <span class='ocrx_word' id='word_1_101' title='bbox 529 1282 677 1342; x_wconf 75' lang='lat' dir='ltr'><strong>statuisset</strong></span> <span class='ocrx_word' id='word_1_102' title='bbox 689 1283 769 1342; x_wconf 90' lang='lat' dir='ltr'><strong>omni</strong></span> <span class='ocrx_word' id='word_1_103' title='bbox 792 1284 908 1342; x_wconf 85' lang='lat' dir='ltr'><strong>scelere</strong></span> <span class='ocrx_word' id='word_1_104' title='bbox 915 1283 947 1344; x_wconf 89' lang='lat' dir='ltr'><strong>in</strong></span> <span class='ocrx_word' id='word_1_105' title='bbox 960 1284 1083 1374; x_wconf 70' lang='lat' dir='ltr'><strong>praetura</strong></span> <span class='ocrx_word' id='word_1_106' title='bbox 1097 1305 1205 1344; x_wconf 83' lang='lat' dir='ltr'><strong>vexare</strong></span> 
     </span>
     <span class='ocr_line' id='line_1_14' title="bbox 204 1363 1206 1442; baseline 0.001 -20"><span class='ocrx_word' id='word_1_107' title='bbox 204 1364 424 1441; x_wconf 81' lang='lat' dir='ltr'><strong>rempublicam,</strong></span> <span class='ocrx_word' id='word_1_108' title='bbox 448 1363 616 1439; x_wconf 89' lang='lat' dir='ltr'><strong>videretque</strong></span> <span class='ocrx_word' id='word_1_109' title='bbox 638 1364 680 1442; x_wconf 71' lang='lat' dir='ltr'><strong>ita</strong></span> <span class='ocrx_word' id='word_1_110' title='bbox 700 1373 794 1422; x_wconf 91' lang='lat' dir='ltr'><strong>tracta</strong></span> <span class='ocrx_word' id='word_1_111' title='bbox 807 1383 871 1421; x_wconf 88' lang='lat' dir='ltr'><strong>esse</strong></span> <span class='ocrx_word' id='word_1_112' title='bbox 892 1364 1011 1422; x_wconf 82' lang='lat' dir='ltr'><strong>comitia</strong></span> <span class='ocrx_word' id='word_1_113' title='bbox 1025 1374 1100 1423; x_wconf 86' lang='lat' dir='ltr'><strong>anno</strong></span> <span class='ocrx_word' id='word_1_114' title='bbox 1119 1385 1206 1442; x_wconf 90' lang='lat' dir='ltr'><strong>supe-</strong></span> 
     </span>
     <span class='ocr_line' id='line_1_15' title="bbox 204 1443 1204 1521; baseline 0 -19"><span class='ocrx_word' id='word_1_115' title='bbox 204 1444 290 1515; x_wconf 89' lang='lat' dir='ltr'><strong>riore,</strong></span> <span class='ocrx_word' id='word_1_116' title='bbox 314 1452 347 1502; x_wconf 95' lang='lat' dir='ltr'><strong>ut</strong></span> <span class='ocrx_word' id='word_1_117' title='bbox 369 1463 428 1502; x_wconf 93' lang='lat' dir='ltr'><strong>non</strong></span> <span class='ocrx_word' id='word_1_118' title='bbox 454 1444 560 1502; x_wconf 87' lang='lat' dir='ltr'><strong>multos</strong></span> <span class='ocrx_word' id='word_1_119' title='bbox 582 1443 698 1502; x_wconf 87' lang='lat' dir='ltr'><strong>menses</strong></span> <span class='ocrx_word' id='word_1_120' title='bbox 716 1454 872 1520; x_wconf 74' lang='lat' dir='ltr'><strong>praeturam</strong></span> <span class='ocrx_word' id='word_1_121' title='bbox 898 1462 1000 1520; x_wconf 89' lang='lat' dir='ltr'><strong>gerere</strong></span> <span class='ocrx_word' id='word_1_122' title='bbox 1019 1453 1128 1521; x_wconf 88' lang='lat' dir='ltr'><strong>posset;</strong></span> <span class='ocrx_word' id='word_1_123' title='bbox 1144 1444 1204 1520; x_wconf 85' lang='lat' dir='ltr'><strong>qui</strong></span> 
     </span>
    </p>
   </div>
   <div class='ocr_carea' id='block_1_5' title="bbox 54 1517 1204 1599">
    <p class='ocr_par' dir='ltr' id='par_1_5' title="bbox 54 1517 1204 1599">
     <span class='ocr_line' id='line_1_16' title="bbox 54 1517 1204 1599; baseline 0 -19"><span class='ocrx_word' id='word_1_124' title='bbox 54 1554 59 1559; x_wconf 93' lang='lat'><em>·</em></span> <span class='ocrx_word' id='word_1_125' title='bbox 157 1517 192 1572; x_wconf 80' lang='lat'><strong>15</strong></span> <span class='ocrx_word' id='word_1_126' title='bbox 205 1543 263 1582; x_wconf 90' lang='lat' dir='ltr'><strong>non</strong></span> <span class='ocrx_word' id='word_1_127' title='bbox 283 1523 400 1581; x_wconf 88' lang='lat' dir='ltr'><strong>honoris</strong></span> <span class='ocrx_word' id='word_1_128' title='bbox 412 1524 535 1599; x_wconf 90' lang='lat' dir='ltr'><strong>gradum</strong></span> <span class='ocrx_word' id='word_1_129' title='bbox 559 1532 712 1599; x_wconf 88' lang='lat' dir='ltr'><strong>spectaret,</strong></span> <span class='ocrx_word' id='word_1_130' title='bbox 727 1532 759 1579; x_wconf 92' lang='lat' dir='ltr'><strong>ut</strong></span> <span class='ocrx_word' id='word_1_131' title='bbox 780 1522 888 1594; x_wconf 78' lang='lat' dir='ltr'><strong>crateri,</strong></span> <span class='ocrx_word' id='word_1_132' title='bbox 903 1523 956 1580; x_wconf 89' lang='lat' dir='ltr'><strong>sed</strong></span> <span class='ocrx_word' id='word_1_133' title='bbox 979 1531 1008 1580; x_wconf 90' lang='lat' dir='ltr'><strong>et</strong></span> <span class='ocrx_word' id='word_1_134' title='bbox 1029 1521 1063 1579; x_wconf 94' lang='lat' dir='ltr'><strong>L.</strong></span> <span class='ocrx_word' id='word_1_135' title='bbox 1078 1522 1204 1581; x_wconf 90' lang='lat' dir='ltr'><strong>Paulum</strong></span> 
     </span>
    </p>
   </div>
   <div class='ocr_carea' id='block_1_6' title="bbox 138 1601 1203 1836">
    <p class='ocr_par' dir='ltr' id='par_1_6' title="bbox 138 1601 1203 1836">
     <span class='ocr_line' id='line_1_17' title="bbox 138 1601 1203 1679; baseline -0.002 -18"><span class='ocrx_word' id='word_1_136' title='bbox 138 1625 140 1628; x_wconf 92' lang='lat'>·</span> <span class='ocrx_word' id='word_1_137' title='bbox 206 1602 349 1679; x_wconf 82' lang='lat' dir='ltr'><strong>collegam</strong></span> <span class='ocrx_word' id='word_1_138' title='bbox 363 1601 491 1679; x_wconf 87' lang='lat' dir='ltr'><strong>effugere</strong></span> <span class='ocrx_word' id='word_1_139' title='bbox 510 1601 605 1672; x_wconf 89' lang='lat' dir='ltr'><strong>vellet,</strong></span> <span class='ocrx_word' id='word_1_140' title='bbox 628 1601 769 1679; x_wconf 83' lang='lat' dir='ltr'><strong>singulari</strong></span> <span class='ocrx_word' id='word_1_141' title='bbox 783 1601 888 1659; x_wconf 87' lang='lat' dir='ltr'><strong>virtute</strong></span> <span class='ocrx_word' id='word_1_142' title='bbox 912 1602 1016 1673; x_wconf 89' lang='lat' dir='ltr'><strong>civem,</strong></span> <span class='ocrx_word' id='word_1_143' title='bbox 1040 1611 1069 1660; x_wconf 90' lang='lat' dir='ltr'><strong>et</strong></span> <span class='ocrx_word' id='word_1_144' title='bbox 1093 1620 1203 1661; x_wconf 84' lang='lat' dir='ltr'><strong>annum</strong></span> 
     </span>
     <span class='ocr_line' id='line_1_18' title="bbox 207 1677 1203 1759; baseline -0.001 -19"><span class='ocrx_word' id='word_1_145' title='bbox 207 1682 353 1759; x_wconf 90' lang='lat' dir='ltr'><strong>integrum</strong></span> <span class='ocrx_word' id='word_1_146' title='bbox 381 1681 417 1738; x_wconf 92' lang='lat' dir='ltr'><strong>ad</strong></span> <span class='ocrx_word' id='word_1_147' title='bbox 438 1681 655 1740; x_wconf 87' lang='lat' dir='ltr'><strong>dilacerandam</strong></span> <span class='ocrx_word' id='word_1_148' title='bbox 685 1677 893 1757; x_wconf 87' lang='lat' dir='ltr'><strong>rempublicam</strong></span> <span class='ocrx_word' id='word_1_149' title='bbox 914 1691 1074 1757; x_wconf 81' lang='lat' dir='ltr'><strong>quaereret;</strong></span> <span class='ocrx_word' id='word_1_150' title='bbox 1105 1680 1203 1739; x_wconf 74' lang='lat' dir='ltr'><strong>subito</strong></span> 
     </span>
     <span class='ocr_line' id='line_1_19' title="bbox 207 1758 1203 1836; baseline -0.002 -17"><span class='ocrx_word' id='word_1_151' title='bbox 207 1761 323 1836; x_wconf 90' lang='lat' dir='ltr'><strong>reliquit</strong></span> <span class='ocrx_word' id='word_1_152' title='bbox 337 1778 446 1819; x_wconf 90' lang='lat' dir='ltr'><strong>annum</strong></span> <span class='ocrx_word' id='word_1_153' title='bbox 460 1778 554 1831; x_wconf 89' lang='lat' dir='ltr'><strong>suum,</strong></span> <span class='ocrx_word' id='word_1_154' title='bbox 577 1778 665 1835; x_wconf 82' lang='lat' dir='ltr'><strong>seque</strong></span> <span class='ocrx_word' id='word_1_155' title='bbox 689 1758 720 1816; x_wconf 94' lang='lat' dir='ltr'><strong>in</strong></span> <span class='ocrx_word' id='word_1_156' title='bbox 745 1777 853 1816; x_wconf 90' lang='lat' dir='ltr'><strong>annum</strong></span> <span class='ocrx_word' id='word_1_157' title='bbox 872 1758 1035 1835; x_wconf 86' lang='lat' dir='ltr'><strong>proximum</strong></span> <span class='ocrx_word' id='word_1_158' title='bbox 1047 1762 1203 1833; x_wconf 87' lang='lat' dir='ltr'><strong>transtulit,</strong></span> 
     </span>
    </p>
   </div>
   <div class='ocr_carea' id='block_1_7' title="bbox 207 1836 1334 1926">
    <p class='ocr_par' dir='ltr' id='par_1_7' title="bbox 207 1836 1334 1926">
     <span class='ocr_line' id='line_1_20' title="bbox 207 1836 1334 1926; baseline 0 -28"><span class='ocrx_word' id='word_1_159' title='bbox 207 1859 266 1898; x_wconf 89' lang='lat' dir='ltr'><strong>nou</strong></span> <span class='ocrx_word' id='word_1_160' title='bbox 280 1839 327 1917; x_wconf 91' lang='lat' dir='ltr'><strong>(ut</strong></span> <span class='ocrx_word' id='word_1_161' title='bbox 338 1839 386 1918; x_wconf 85' lang='lat' dir='ltr'><strong>fit)</strong></span> <span class='ocrx_word' id='word_1_162' title='bbox 401 1839 541 1917; x_wconf 83' lang='lat' dir='ltr'><strong>religione</strong></span> <span class='ocrx_word' id='word_1_163' title='bbox 562 1837 668 1914; x_wconf 73' lang='lat' dir='ltr'><strong>aliqua,</strong></span> <span class='ocrx_word' id='word_1_164' title='bbox 684 1838 734 1895; x_wconf 90' lang='lat' dir='ltr'><strong>sed</strong></span> <span class='ocrx_word' id='word_1_165' title='bbox 758 1847 792 1895; x_wconf 90' lang='lat' dir='ltr'><strong>ut</strong></span> <span class='ocrx_word' id='word_1_166' title='bbox 809 1838 928 1895; x_wconf 90' lang='lat' dir='ltr'><strong>haberet</strong></span> <span class='ocrx_word' id='word_1_167' title='bbox 940 1837 1030 1915; x_wconf 91' lang='lat' dir='ltr'><strong>(quod</strong></span> <span class='ocrx_word' id='word_1_168' title='bbox 1044 1840 1105 1916; x_wconf 93' lang='lat' dir='ltr'><strong>ipse</strong></span> <span class='ocrx_word' id='word_1_169' title='bbox 1125 1841 1206 1898; x_wconf 89' lang='lat' dir='ltr'><strong>dice·</strong></span> <span class='ocrx_word' id='word_1_170' title='bbox 1269 1836 1273 1840; x_wconf 46' lang='grc'><em>“</em></span> <span class='ocrx_word' id='word_1_171' title='bbox 1332 1917 1334 1926; x_wconf 27' lang='lat'><strong><em>¹</em></strong></span> 
     </span>
    </p>
   </div>
   <div class='ocr_carea' id='block_1_8' title="bbox 124 1909 1287 3492">
    <p class='ocr_par' dir='ltr' id='par_1_8' title="bbox 157 1909 1206 2077">
     <span class='ocr_line' id='line_1_21' title="bbox 157 1909 1206 1999; baseline 0 -22"><span class='ocrx_word' id='word_1_172' title='bbox 157 1917 194 1971; x_wconf 75' lang='lat'><strong>20</strong></span> <span class='ocrx_word' id='word_1_173' title='bbox 209 1920 283 1999; x_wconf 89' lang='lat' dir='ltr'><strong>bat),</strong></span> <span class='ocrx_word' id='word_1_174' title='bbox 298 1919 335 1977; x_wconf 94' lang='lat' dir='ltr'><strong>ad</strong></span> <span class='ocrx_word' id='word_1_175' title='bbox 355 1928 510 1996; x_wconf 75' lang='lat' dir='ltr'><strong>praeturam</strong></span> <span class='ocrx_word' id='word_1_176' title='bbox 533 1918 702 1995; x_wconf 85' lang='lat' dir='ltr'><strong>gerendam,</strong></span> <span class='ocrx_word' id='word_1_177' title='bbox 717 1917 773 1975; x_wconf 87' lang='lat' dir='ltr'><strong>hoc</strong></span> <span class='ocrx_word' id='word_1_178' title='bbox 795 1927 849 1987; x_wconf 90' lang='lat' dir='ltr'><strong>est,</strong></span> <span class='ocrx_word' id='word_1_179' title='bbox 865 1918 901 1974; x_wconf 94' lang='lat' dir='ltr'><strong>ad</strong></span> <span class='ocrx_word' id='word_1_180' title='bbox 922 1909 1107 1975; x_wconf 77' lang='lat' dir='ltr'><strong>evertendam</strong></span> <span class='ocrx_word' id='word_1_181' title='bbox 1131 1938 1206 1977; x_wconf 90' lang='lat' dir='ltr'><strong>rem·</strong></span> 
     </span>
     <span class='ocr_line' id='line_1_22' title="bbox 208 1996 888 2077; baseline -0.006 -20"><span class='ocrx_word' id='word_1_182' title='bbox 208 1999 365 2077; x_wconf 88' lang='lat' dir='ltr'><strong>publicam,</strong></span> <span class='ocrx_word' id='word_1_183' title='bbox 379 1998 497 2076; x_wconf 89' lang='lat' dir='ltr'><strong>plenum</strong></span> <span class='ocrx_word' id='word_1_184' title='bbox 512 2016 619 2055; x_wconf 89' lang='lat' dir='ltr'><strong>annum</strong></span> <span class='ocrx_word' id='word_1_185' title='bbox 634 2007 720 2073; x_wconf 85' lang='lat' dir='ltr'><strong>atque</strong></span> <span class='ocrx_word' id='word_1_186' title='bbox 734 1996 888 2073; x_wconf 86' lang='lat' dir='ltr'><strong>integrum.</strong></span> 
     </span>
    </p>

    <p class='ocr_par' dir='ltr' id='par_1_9' title="bbox 210 2076 1206 2313">
     <span class='ocr_line' id='line_1_23' title="bbox 248 2076 1205 2151; baseline -0.002 -14"><span class='ocrx_word' id='word_1_187' title='bbox 248 2078 433 2138; x_wconf 86' lang='lat' dir='ltr'><strong>Occurrebat</strong></span> <span class='ocrx_word' id='word_1_188' title='bbox 446 2077 485 2148; x_wconf 92' lang='lat' dir='ltr'><strong>ei,</strong></span> <span class='ocrx_word' id='word_1_189' title='bbox 499 2095 634 2136; x_wconf 89' lang='lat' dir='ltr'><strong>mancam</strong></span> <span class='ocrx_word' id='word_1_190' title='bbox 657 2097 694 2136; x_wconf 86' lang='lat' dir='ltr'><strong>ac</strong></span> <span class='ocrx_word' id='word_1_191' title='bbox 715 2076 841 2133; x_wconf 86' lang='lat' dir='ltr'><strong>debilem</strong></span> <span class='ocrx_word' id='word_1_192' title='bbox 862 2085 1014 2151; x_wconf 75' lang='lat' dir='ltr'><strong>prveturam</strong></span> <span class='ocrx_word' id='word_1_193' title='bbox 1027 2094 1111 2133; x_wconf 89' lang='lat' dir='ltr'><strong>suam</strong></span> <span class='ocrx_word' id='word_1_194' title='bbox 1126 2076 1205 2135; x_wconf 91' lang='lat' dir='ltr'><strong>sutu-</strong></span> 
     </span>
     <span class='ocr_line' id='line_1_24' title="bbox 210 2153 1204 2234; baseline 0.001 -20"><span class='ocrx_word' id='word_1_195' title='bbox 210 2177 283 2230; x_wconf 89' lang='lat' dir='ltr'><strong>ram,</strong></span> <span class='ocrx_word' id='word_1_196' title='bbox 306 2160 425 2217; x_wconf 89' lang='lat' dir='ltr'><strong>consule</strong></span> <span class='ocrx_word' id='word_1_197' title='bbox 446 2155 575 2216; x_wconf 87' lang='lat' dir='ltr'><strong>Milone:</strong></span> <span class='ocrx_word' id='word_1_198' title='bbox 596 2176 663 2215; x_wconf 90' lang='lat' dir='ltr'><strong>eum</strong></span> <span class='ocrx_word' id='word_1_199' title='bbox 687 2153 771 2234; x_wconf 77' lang='lat' dir='ltr'><strong>porro</strong></span> <span class='ocrx_word' id='word_1_200' title='bbox 799 2173 912 2214; x_wconf 90' lang='lat' dir='ltr'><strong>summo</strong></span> <span class='ocrx_word' id='word_1_201' title='bbox 938 2174 1081 2232; x_wconf 85' lang='lat' dir='ltr'><strong>consensu</strong></span> <span class='ocrx_word' id='word_1_202' title='bbox 1106 2156 1204 2233; x_wconf 88' lang='lat' dir='ltr'><strong>populi</strong></span> 
     </span>
     <span class='ocr_line' id='line_1_25' title="bbox 210 2234 1206 2313; baseline -0.002 -18"><span class='ocrx_word' id='word_1_203' title='bbox 210 2237 339 2297; x_wconf 85' lang='lat' dir='ltr'><strong>Romani</strong></span> <span class='ocrx_word' id='word_1_204' title='bbox 354 2237 502 2297; x_wconf 89' lang='lat' dir='ltr'><strong>consulem</strong></span> <span class='ocrx_word' id='word_1_205' title='bbox 523 2236 586 2295; x_wconf 86' lang='lat' dir='ltr'><strong>lieri</strong></span> <span class='ocrx_word' id='word_1_206' title='bbox 606 2236 729 2295; x_wconf 84' lang='lat' dir='ltr'><strong>videbat</strong></span> <span class='ocrx_word' id='word_1_207' title='bbox 771 2234 902 2293; x_wconf 89' lang='lat' dir='ltr'><strong>Contulit</strong></span> <span class='ocrx_word' id='word_1_208' title='bbox 916 2253 947 2292; x_wconf 89' lang='lat' dir='ltr'><strong>se</strong></span> <span class='ocrx_word' id='word_1_209' title='bbox 961 2235 998 2292; x_wconf 93' lang='lat' dir='ltr'><strong>ad</strong></span> <span class='ocrx_word' id='word_1_210' title='bbox 1016 2235 1079 2312; x_wconf 88' lang='lat' dir='ltr'><strong>ejus</strong></span> <span class='ocrx_word' id='word_1_211' title='bbox 1093 2255 1206 2313; x_wconf 66' lang='lat' dir='ltr'><strong>compe</strong></span> 
     </span>
    </p>

    <p class='ocr_par' dir='ltr' id='par_1_10' title="bbox 158 2314 1206 2473">
     <span class='ocr_line' id='line_1_26' title="bbox 158 2314 1206 2392; baseline 0.003 -21"><span class='ocrx_word' id='word_1_212' title='bbox 158 2316 196 2371; x_wconf 73' lang='lat'><strong>25</strong></span> <span class='ocrx_word' id='word_1_213' title='bbox 210 2316 319 2389; x_wconf 86' lang='lat' dir='ltr'><strong>titores,</strong></span> <span class='ocrx_word' id='word_1_214' title='bbox 333 2318 384 2375; x_wconf 90' lang='lat' dir='ltr'><strong>sed</strong></span> <span class='ocrx_word' id='word_1_215' title='bbox 398 2318 449 2388; x_wconf 91' lang='lat' dir='ltr'><strong>ita,</strong></span> <span class='ocrx_word' id='word_1_216' title='bbox 462 2325 552 2376; x_wconf 89' lang='lat' dir='ltr'><strong>totam</strong></span> <span class='ocrx_word' id='word_1_217' title='bbox 573 2323 606 2374; x_wconf 88' lang='lat' dir='ltr'><strong>ut</strong></span> <span class='ocrx_word' id='word_1_218' title='bbox 627 2315 795 2392; x_wconf 85' lang='lat' dir='ltr'><strong>petitionem</strong></span> <span class='ocrx_word' id='word_1_219' title='bbox 816 2314 878 2392; x_wconf 90' lang='lat' dir='ltr'><strong>ipse</strong></span> <span class='ocrx_word' id='word_1_220' title='bbox 898 2314 986 2386; x_wconf 89' lang='lat' dir='ltr'><strong>solus,</strong></span> <span class='ocrx_word' id='word_1_221' title='bbox 1000 2316 1088 2377; x_wconf 90' lang='lat' dir='ltr'><strong>etiam</strong></span> <span class='ocrx_word' id='word_1_222' title='bbox 1109 2316 1206 2374; x_wconf 88' lang='lat' dir='ltr'><strong>invitis</strong></span> 
     </span>
     <span class='ocr_line' id='line_1_27' title="bbox 212 2392 1205 2473; baseline -0.001 -20"><span class='ocrx_word' id='word_1_223' title='bbox 212 2396 279 2467; x_wconf 89' lang='lat' dir='ltr'><strong>illis,</strong></span> <span class='ocrx_word' id='word_1_224' title='bbox 292 2396 487 2472; x_wconf 89' lang='lat' dir='ltr'><strong>gubernaret;</strong></span> <span class='ocrx_word' id='word_1_225' title='bbox 507 2403 569 2453; x_wconf 90' lang='lat' dir='ltr'><strong>tota</strong></span> <span class='ocrx_word' id='word_1_226' title='bbox 581 2404 615 2452; x_wconf 90' lang='lat' dir='ltr'><strong>ut</strong></span> <span class='ocrx_word' id='word_1_227' title='bbox 628 2393 748 2452; x_wconf 90' lang='lat' dir='ltr'><strong>comitia</strong></span> <span class='ocrx_word' id='word_1_228' title='bbox 760 2394 821 2453; x_wconf 90' lang='lat' dir='ltr'><strong>suis</strong></span> <span class='ocrx_word' id='word_1_229' title='bbox 829 2392 882 2471; x_wconf 89' lang='lat' dir='ltr'><strong>&#39;(ut</strong></span> <span class='ocrx_word' id='word_1_230' title='bbox 896 2393 1062 2473; x_wconf 83' lang='lat' dir='ltr'><strong>dictitabat)</strong></span> <span class='ocrx_word' id='word_1_231' title='bbox 1078 2395 1205 2453; x_wconf 85' lang='lat' dir='ltr'><strong>humeris</strong></span> 
     </span>
    </p>

    <p class='ocr_par' dir='ltr' id='par_1_11' title="bbox 133 2472 1207 2629">
     <span class='ocr_line' id='line_1_28' title="bbox 133 2472 1205 2550; baseline 0.001 -20"><span class='ocrx_word' id='word_1_232' title='bbox 133 2499 141 2504; x_wconf 87' lang='lat'><em>·</em></span> <span class='ocrx_word' id='word_1_233' title='bbox 211 2475 373 2532; x_wconf 84' lang='lat' dir='ltr'><strong>sustineret</strong></span> <span class='ocrx_word' id='word_1_234' title='bbox 425 2473 613 2531; x_wconf 88' lang='lat' dir='ltr'><strong>Convocabat</strong></span> <span class='ocrx_word' id='word_1_235' title='bbox 635 2472 745 2532; x_wconf 88' lang='lat' dir='ltr'><strong>tribus:</strong></span> <span class='ocrx_word' id='word_1_236' title='bbox 767 2494 798 2532; x_wconf 90' lang='lat' dir='ltr'><strong>se</strong></span> <span class='ocrx_word' id='word_1_237' title='bbox 822 2473 1040 2550; x_wconf 86' lang='lat' dir='ltr'><strong>interponebat:</strong></span> <span class='ocrx_word' id='word_1_238' title='bbox 1061 2473 1205 2533; x_wconf 88' lang='lat' dir='ltr'><strong>Collinam</strong></span> 
     </span>
     <span class='ocr_line' id='line_1_29' title="bbox 211 2551 1207 2629; baseline 0 -20"><span class='ocrx_word' id='word_1_239' title='bbox 211 2570 325 2623; x_wconf 87' lang='lat' dir='ltr'><strong>novam,</strong></span> <span class='ocrx_word' id='word_1_240' title='bbox 339 2551 455 2610; x_wconf 91' lang='lat' dir='ltr'><strong>delectu</strong></span> <span class='ocrx_word' id='word_1_241' title='bbox 465 2552 723 2629; x_wconf 87' lang='lat' dir='ltr'><strong>perditissimorum</strong></span> <span class='ocrx_word' id='word_1_242' title='bbox 734 2553 842 2611; x_wconf 87' lang='lat' dir='ltr'><strong>civium</strong></span> <span class='ocrx_word' id='word_1_243' title='bbox 853 2553 1064 2612; x_wconf 87' lang='lat' dir='ltr'><strong>conscribebat.</strong></span> <span class='ocrx_word' id='word_1_244' title='bbox 1103 2553 1207 2615; x_wconf 81' lang='lat' dir='ltr'><strong>Quan-</strong></span> 
     </span>
    </p>

    <p class='ocr_par' dir='ltr' id='par_1_12' title="bbox 211 2630 1205 2710">
     <span class='ocr_line' id='line_1_30' title="bbox 211 2630 1205 2710; baseline 0.001 -22"><span class='ocrx_word' id='word_1_245' title='bbox 211 2640 241 2688; x_wconf 92' lang='lat' dir='ltr'><strong>to</strong></span> <span class='ocrx_word' id='word_1_246' title='bbox 255 2630 303 2688; x_wconf 92' lang='lat' dir='ltr'><strong>ille</strong></span> <span class='ocrx_word' id='word_1_247' title='bbox 315 2630 399 2706; x_wconf 91' lang='lat' dir='ltr'><strong>plura</strong></span> <span class='ocrx_word' id='word_1_248' title='bbox 411 2631 564 2703; x_wconf 88' lang='lat' dir='ltr'><strong>miscebat,</strong></span> <span class='ocrx_word' id='word_1_249' title='bbox 578 2642 658 2691; x_wconf 87' lang='lat' dir='ltr'><strong>tanto</strong></span> <span class='ocrx_word' id='word_1_250' title='bbox 671 2631 721 2691; x_wconf 89' lang='lat' dir='ltr'><strong>hic</strong></span> <span class='ocrx_word' id='word_1_251' title='bbox 735 2632 829 2710; x_wconf 88' lang='lat' dir='ltr'><strong>magis</strong></span> <span class='ocrx_word' id='word_1_252' title='bbox 842 2633 873 2691; x_wconf 92' lang='lat' dir='ltr'><strong>in</strong></span> <span class='ocrx_word' id='word_1_253' title='bbox 896 2633 960 2690; x_wconf 88' lang='lat' dir='ltr'><strong>dies</strong></span> <span class='ocrx_word' id='word_1_254' title='bbox 978 2632 1205 2691; x_wconf 80' lang='lat' dir='ltr'><strong>convalescebat</strong></span> 
     </span>
    </p>

    <p class='ocr_par' dir='ltr' id='par_1_13' title="bbox 161 2707 1277 3107">
     <span class='ocr_line' id='line_1_31' title="bbox 161 2707 1277 2788; baseline 0.005 -26"><span class='ocrx_word' id='word_1_255' title='bbox 161 2707 197 2762; x_wconf 78' lang='grc'><strong>30</strong></span> <span class='ocrx_word' id='word_1_256' title='bbox 212 2709 270 2767; x_wconf 92' lang='lat' dir='ltr'><strong>Ubi</strong></span> <span class='ocrx_word' id='word_1_257' title='bbox 291 2709 362 2766; x_wconf 89' lang='lat' dir='ltr'><strong>vidit</strong></span> <span class='ocrx_word' id='word_1_258' title='bbox 382 2712 468 2769; x_wconf 92' lang='lat' dir='ltr'><strong>homo</strong></span> <span class='ocrx_word' id='word_1_259' title='bbox 482 2711 517 2768; x_wconf 93' lang='lat' dir='ltr'><strong>ad</strong></span> <span class='ocrx_word' id='word_1_260' title='bbox 541 2729 628 2769; x_wconf 90' lang='lat' dir='ltr'><strong>omne</strong></span> <span class='ocrx_word' id='word_1_261' title='bbox 651 2711 767 2770; x_wconf 80' lang='lat' dir='ltr'><strong>lacinus</strong></span> <span class='ocrx_word' id='word_1_262' title='bbox 789 2712 998 2788; x_wconf 89' lang='lat' dir='ltr'><strong>paratissimus,</strong></span> <span class='ocrx_word' id='word_1_263' title='bbox 1021 2711 1206 2770; x_wconf 81' lang='lat' dir='ltr'><strong>fortissimum</strong></span> <span class='ocrx_word' id='word_1_264' title='bbox 1275 2785 1277 2788; x_wconf 22' lang='grc' dir='ltr'>Ι</span> 
     </span>
     <span class='ocr_line' id='line_1_32' title="bbox 212 2788 1206 2866; baseline 0.003 -21"><span class='ocrx_word' id='word_1_265' title='bbox 212 2790 316 2860; x_wconf 89' lang='lat' dir='ltr'><strong>virum,</strong></span> <span class='ocrx_word' id='word_1_266' title='bbox 343 2788 577 2847; x_wconf 89' lang='lat' dir='ltr'><strong>inimicissimum</strong></span> <span class='ocrx_word' id='word_1_267' title='bbox 600 2809 696 2861; x_wconf 89' lang='lat' dir='ltr'><strong>snum,</strong></span> <span class='ocrx_word' id='word_1_268' title='bbox 717 2791 912 2849; x_wconf 87' lang='lat' dir='ltr'><strong>certissimum</strong></span> <span class='ocrx_word' id='word_1_269' title='bbox 941 2793 1099 2863; x_wconf 90' lang='lat' dir='ltr'><strong>consulem,</strong></span> <span class='ocrx_word' id='word_1_270' title='bbox 1120 2790 1206 2866; x_wconf 90' lang='lat' dir='ltr'><strong>idque</strong></span> 
     </span>
     <span class='ocr_line' id='line_1_33' title="bbox 212 2866 1206 2949; baseline 0 -22"><span class='ocrx_word' id='word_1_271' title='bbox 212 2867 353 2927; x_wconf 85' lang='lat' dir='ltr'><strong>intellexit</strong></span> <span class='ocrx_word' id='word_1_272' title='bbox 366 2888 424 2927; x_wconf 92' lang='lat' dir='ltr'><strong>non</strong></span> <span class='ocrx_word' id='word_1_273' title='bbox 437 2866 530 2927; x_wconf 74' lang='lat' dir='ltr'><strong>solnm</strong></span> <span class='ocrx_word' id='word_1_274' title='bbox 544 2870 735 2942; x_wconf 89' lang='lat' dir='ltr'><strong>sermonibus,</strong></span> <span class='ocrx_word' id='word_1_275' title='bbox 750 2872 802 2928; x_wconf 90' lang='lat' dir='ltr'><strong>sed</strong></span> <span class='ocrx_word' id='word_1_276' title='bbox 825 2871 914 2929; x_wconf 88' lang='lat' dir='ltr'><strong>etiam</strong></span> <span class='ocrx_word' id='word_1_277' title='bbox 935 2871 1090 2949; x_wconf 85' lang='lat' dir='ltr'><strong>suffragiis,</strong></span> <span class='ocrx_word' id='word_1_278' title='bbox 1111 2868 1206 2946; x_wconf 88' lang='lat' dir='ltr'><strong>populi</strong></span> 
     </span>
     <span class='ocr_line' id='line_1_34' title="bbox 213 2946 1206 3028; baseline -0.003 -20"><span class='ocrx_word' id='word_1_279' title='bbox 213 2948 342 3008; x_wconf 88' lang='lat' dir='ltr'><strong>Romani</strong></span> <span class='ocrx_word' id='word_1_280' title='bbox 352 2968 427 3026; x_wconf 81' lang='lat' dir='ltr'><strong>saepe</strong></span> <span class='ocrx_word' id='word_1_281' title='bbox 442 2969 505 3008; x_wconf 89' lang='lat' dir='ltr'><strong>esse</strong></span> <span class='ocrx_word' id='word_1_282' title='bbox 519 2948 717 3021; x_wconf 79' lang='lat' dir='ltr'><strong>declaratum3</strong></span> <span class='ocrx_word' id='word_1_283' title='bbox 737 2948 834 3027; x_wconf 81' lang='lat' dir='ltr'><strong>paldm</strong></span> <span class='ocrx_word' id='word_1_284' title='bbox 853 2970 940 3028; x_wconf 85' lang='lat' dir='ltr'><strong>agere</strong></span> <span class='ocrx_word' id='word_1_285' title='bbox 955 2952 1052 3028; x_wconf 84' lang='lat' dir='ltr'><strong>coepit,</strong></span> <span class='ocrx_word' id='word_1_286' title='bbox 1066 2961 1099 3017; x_wconf 86' lang='lat' dir='ltr'><strong>et¹</strong></span> <span class='ocrx_word' id='word_1_287' title='bbox 1110 2946 1206 3026; x_wconf 78' lang='lat' dir='ltr'><strong>apertd</strong></span> 
     </span>
     <span class='ocr_line' id='line_1_35' title="bbox 213 3027 1206 3107; baseline -0.003 -19"><span class='ocrx_word' id='word_1_288' title='bbox 213 3028 322 3102; x_wconf 85' lang='lat' dir='ltr'><strong>dicere,</strong></span> <span class='ocrx_word' id='word_1_289' title='bbox 335 3029 530 3092; x_wconf 85' lang='lat' dir='ltr'><strong>occidendum</strong></span> <span class='ocrx_word' id='word_1_290' title='bbox 543 3027 695 3088; x_wconf 88' lang='lat' dir='ltr'><strong>Milonem.</strong></span> <span class='ocrx_word' id='word_1_291' title='bbox 738 3031 842 3088; x_wconf 86' lang='lat' dir='ltr'><strong>Servos</strong></span> <span class='ocrx_word' id='word_1_292' title='bbox 865 3039 992 3107; x_wconf 83' lang='lat' dir='ltr'><strong>agrestes</strong></span> <span class='ocrx_word' id='word_1_293' title='bbox 1013 3039 1042 3088; x_wconf 93' lang='lat' dir='ltr'><strong>et</strong></span> <span class='ocrx_word' id='word_1_294' title='bbox 1062 3030 1206 3099; x_wconf 87' lang='lat' dir='ltr'><strong>barbaros,</strong></span> 
     </span>
    </p>

    <p class='ocr_par' dir='ltr' id='par_1_14' title="bbox 162 3104 1210 3268">
     <span class='ocr_line' id='line_1_36' title="bbox 162 3104 1209 3187; baseline -0.004 -19"><span class='ocrx_word' id='word_1_295' title='bbox 162 3104 198 3159; x_wconf 85' lang='grc'><strong>35</strong></span> <span class='ocrx_word' id='word_1_296' title='bbox 214 3110 319 3187; x_wconf 84' lang='lat' dir='ltr'><strong>quibus</strong></span> <span class='ocrx_word' id='word_1_297' title='bbox 340 3110 426 3168; x_wconf 88' lang='lat' dir='ltr'><strong>silvas</strong></span> <span class='ocrx_word' id='word_1_298' title='bbox 446 3109 578 3187; x_wconf 89' lang='lat' dir='ltr'><strong>publicas</strong></span> <span class='ocrx_word' id='word_1_299' title='bbox 601 3110 790 3187; x_wconf 83' lang='lat' dir='ltr'><strong>depopulatus</strong></span> <span class='ocrx_word' id='word_1_300' title='bbox 809 3120 882 3181; x_wconf 91' lang='lat' dir='ltr'><strong>erat,</strong></span> <span class='ocrx_word' id='word_1_301' title='bbox 899 3109 1105 3185; x_wconf 88' lang='lat' dir='ltr'><strong>Etruriamque</strong></span> <span class='ocrx_word' id='word_1_302' title='bbox 1124 3107 1209 3165; x_wconf 76' lang='lat' dir='ltr'><strong>vext-</strong></span> 
     </span>
     <span class='ocr_line' id='line_1_37' title="bbox 214 3185 1210 3268; baseline -0.007 -19"><span class='ocrx_word' id='word_1_303' title='bbox 214 3201 268 3263; x_wconf 92' lang='lat' dir='ltr'><strong>rat,</strong></span> <span class='ocrx_word' id='word_1_304' title='bbox 282 3211 319 3249; x_wconf 87' lang='lat' dir='ltr'><strong>ex</strong></span> <span class='ocrx_word' id='word_1_305' title='bbox 333 3190 489 3268; x_wconf 87' lang='lat' dir='ltr'><strong>Apennino</strong></span> <span class='ocrx_word' id='word_1_306' title='bbox 506 3190 675 3261; x_wconf 84' lang='lat' dir='ltr'><strong>deduxerat,</strong></span> <span class='ocrx_word' id='word_1_307' title='bbox 690 3209 760 3265; x_wconf 90' lang='lat' dir='ltr'><strong>quos</strong></span> <span class='ocrx_word' id='word_1_308' title='bbox 781 3189 931 3247; x_wconf 87' lang='lat' dir='ltr'><strong>videbatis.</strong></span> <span class='ocrx_word' id='word_1_309' title='bbox 974 3189 1037 3247; x_wconf 87' lang='lat' dir='ltr'><strong>Res</strong></span> <span class='ocrx_word' id='word_1_310' title='bbox 1051 3198 1113 3246; x_wconf 90' lang='lat' dir='ltr'><strong>erat</strong></span> <span class='ocrx_word' id='word_1_311' title='bbox 1127 3185 1210 3244; x_wconf 91' lang='lat' dir='ltr'><strong>mini·</strong></span> 
     </span>
    </p>

    <p class='ocr_par' dir='ltr' id='par_1_15' title="bbox 124 3263 1287 3492">
     <span class='ocr_line' id='line_1_38' title="bbox 124 3263 1210 3347; baseline -0.005 -20"><span class='ocrx_word' id='word_1_312' title='bbox 124 3335 126 3338; x_wconf 23' lang='lat'>¹</span> <span class='ocrx_word' id='word_1_313' title='bbox 214 3268 261 3327; x_wconf 77' lang='lat' dir='ltr'><strong>mii</strong></span> <span class='ocrx_word' id='word_1_314' title='bbox 286 3271 428 3328; x_wconf 91' lang='lat' dir='ltr'><strong>obscura:</strong></span> <span class='ocrx_word' id='word_1_315' title='bbox 459 3270 567 3328; x_wconf 92' lang='lat' dir='ltr'><strong>etenim</strong></span> <span class='ocrx_word' id='word_1_316' title='bbox 589 3268 686 3347; x_wconf 73' lang='lat' dir='ltr'><strong>palam</strong></span> <span class='ocrx_word' id='word_1_317' title='bbox 709 3268 871 3340; x_wconf 89' lang='lat' dir='ltr'><strong>dictitabat,</strong></span> <span class='ocrx_word' id='word_1_318' title='bbox 903 3268 1084 3326; x_wconf 90' lang='lat' dir='ltr'><strong>consulatum</strong></span> <span class='ocrx_word' id='word_1_319' title='bbox 1105 3263 1210 3323; x_wconf 92' lang='lat' dir='ltr'><strong>Miloni</strong></span> 
     </span>
     <span class='ocr_line' id='line_1_39' title="bbox 213 3344 1287 3425; baseline -0.003 -21"><span class='ocrx_word' id='word_1_320' title='bbox 213 3348 286 3423; x_wconf 90' lang='lat' dir='ltr'><strong>eripi</strong></span> <span class='ocrx_word' id='word_1_321' title='bbox 312 3368 370 3406; x_wconf 90' lang='lat' dir='ltr'><strong>non</strong></span> <span class='ocrx_word' id='word_1_322' title='bbox 396 3368 489 3425; x_wconf 90' lang='lat' dir='ltr'><strong>posse,</strong></span> <span class='ocrx_word' id='word_1_323' title='bbox 517 3349 606 3406; x_wconf 89' lang='lat' dir='ltr'><strong>vitam</strong></span> <span class='ocrx_word' id='word_1_324' title='bbox 634 3367 726 3425; x_wconf 51' lang='lat' dir='ltr'><strong>posse,</strong></span> <span class='ocrx_word' id='word_1_325' title='bbox 782 3346 965 3422; x_wconf 87' lang='lat' dir='ltr'><strong>Significavit</strong></span> <span class='ocrx_word' id='word_1_326' title='bbox 991 3347 1047 3401; x_wconf 91' lang='lat' dir='ltr'><strong>hoc</strong></span> <span class='ocrx_word' id='word_1_327' title='bbox 1073 3363 1149 3417; x_wconf 69' lang='lat' dir='ltr'><strong>saepe</strong></span> <span class='ocrx_word' id='word_1_328' title='bbox 1180 3344 1212 3402; x_wconf 92' lang='lat' dir='ltr'><strong>in</strong></span> <span class='ocrx_word' id='word_1_329' title='bbox 1284 3419 1287 3422; x_wconf 21' lang='grc' dir='ltr'>Ι</span> 
     </span>
     <span class='ocr_line' id='line_1_40' title="bbox 213 3419 1213 3492; baseline -0.002 -11"><span class='ocrx_word' id='word_1_330' title='bbox 213 3434 333 3492; x_wconf 85' lang='lat' dir='ltr'><strong>senatu:</strong></span> <span class='ocrx_word' id='word_1_331' title='bbox 355 3426 427 3483; x_wconf 85' lang='lat' dir='ltr'><strong>dixit</strong></span> <span class='ocrx_word' id='word_1_332' title='bbox 453 3427 484 3484; x_wconf 92' lang='lat' dir='ltr'><strong>in</strong></span> <span class='ocrx_word' id='word_1_333' title='bbox 507 3427 655 3484; x_wconf 82' lang='lat' dir='ltr'><strong>concione.</strong></span> <span class='ocrx_word' id='word_1_334' title='bbox 697 3424 871 3485; x_wconf 77' lang='lat' dir='ltr'><strong>Quinetiam</strong></span> <span class='ocrx_word' id='word_1_335' title='bbox 894 3420 1032 3489; x_wconf 89' lang='lat' dir='ltr'><strong>Favonio,</strong></span> <span class='ocrx_word' id='word_1_336' title='bbox 1055 3419 1213 3479; x_wconf 82' lang='lat' dir='ltr'><strong>fortissimo</strong></span> 
     </span>
    </p>
   </div>
   <div class='ocr_carea' id='block_1_9' title="bbox 161 3496 1298 3578">
    <p class='ocr_par' dir='ltr' id='par_1_16' title="bbox 161 3496 1298 3578">
     <span class='ocr_line' id='line_1_41' title="bbox 161 3496 1298 3578; baseline -0.005 -16"><span class='ocrx_word' id='word_1_337' title='bbox 161 3506 198 3562; x_wconf 78' lang='lat'><strong>40</strong></span> <span class='ocrx_word' id='word_1_338' title='bbox 213 3502 283 3574; x_wconf 91' lang='lat' dir='ltr'><strong>viro,</strong></span> <span class='ocrx_word' id='word_1_339' title='bbox 299 3503 438 3576; x_wconf 83' lang='lat' dir='ltr'><strong>quaerenti</strong></span> <span class='ocrx_word' id='word_1_340' title='bbox 461 3522 498 3559; x_wconf 85' lang='lat' dir='ltr'><strong>ex</strong></span> <span class='ocrx_word' id='word_1_341' title='bbox 518 3523 563 3574; x_wconf 92' lang='lat' dir='ltr'><strong>eo,</strong></span> <span class='ocrx_word' id='word_1_342' title='bbox 583 3502 641 3578; x_wconf 73' lang='lat' dir='ltr'><strong>qua</strong></span> <span class='ocrx_word' id='word_1_343' title='bbox 662 3520 712 3575; x_wconf 91' lang='lat' dir='ltr'><strong>spe</strong></span> <span class='ocrx_word' id='word_1_344' title='bbox 734 3500 851 3570; x_wconf 79' lang='lat' dir='ltr'><strong>fureret,</strong></span> <span class='ocrx_word' id='word_1_345' title='bbox 875 3497 986 3557; x_wconf 89' lang='lat' dir='ltr'><strong>Milone</strong></span> <span class='ocrx_word' id='word_1_346' title='bbox 1006 3496 1079 3568; x_wconf 91' lang='lat' dir='ltr'><strong>vivo,</strong></span> <span class='ocrx_word' id='word_1_347' title='bbox 1094 3517 1211 3575; x_wconf 82' lang='lat' dir='ltr'><strong>respon-</strong></span> <span class='ocrx_word' id='word_1_348' title='bbox 1295 3531 1298 3546; x_wconf 91' lang='lat'><em>·</em></span> 
     </span>
    </p>
   </div>
   <div class='ocr_carea' id='block_1_10' title="bbox 131 3575 1285 3815">
    <p class='ocr_par' dir='ltr' id='par_1_17' title="bbox 131 3575 1285 3815">
     <span class='ocr_line' id='line_1_42' title="bbox 213 3575 1211 3654; baseline -0.002 -16"><span class='ocrx_word' id='word_1_349' title='bbox 213 3580 266 3652; x_wconf 90' lang='lat' dir='ltr'><strong>dit,</strong></span> <span class='ocrx_word' id='word_1_350' title='bbox 280 3580 375 3638; x_wconf 88' lang='lat' dir='ltr'><strong>triduo</strong></span> <span class='ocrx_word' id='word_1_351' title='bbox 399 3580 490 3650; x_wconf 91' lang='lat' dir='ltr'><strong>illum,</strong></span> <span class='ocrx_word' id='word_1_352' title='bbox 514 3581 550 3636; x_wconf 94' lang='lat' dir='ltr'><strong>ad</strong></span> <span class='ocrx_word' id='word_1_353' title='bbox 572 3595 717 3636; x_wconf 88' lang='lat' dir='ltr'><strong>summurn</strong></span> <span class='ocrx_word' id='word_1_354' title='bbox 739 3578 900 3653; x_wconf 88' lang='lat' dir='ltr'><strong>quatriduo,</strong></span> <span class='ocrx_word' id='word_1_355' title='bbox 925 3575 1101 3652; x_wconf 88' lang='lat' dir='ltr'><strong>periturum:</strong></span> <span class='ocrx_word' id='word_1_356' title='bbox 1123 3597 1211 3654; x_wconf 82' lang='lat' dir='ltr'><strong>quani</strong></span> 
     </span>
     <span class='ocr_line' id='line_1_43' title="bbox 212 3655 1237 3736; baseline -0.01 -18"><span class='ocrx_word' id='word_1_357' title='bbox 212 3679 312 3718; x_wconf 90' lang='lat' dir='ltr'><strong>vocem</strong></span> <span class='ocrx_word' id='word_1_358' title='bbox 326 3658 389 3736; x_wconf 88' lang='lat' dir='ltr'><strong>ejus</strong></span> <span class='ocrx_word' id='word_1_359' title='bbox 403 3658 439 3715; x_wconf 94' lang='lat' dir='ltr'><strong>ad</strong></span> <span class='ocrx_word' id='word_1_360' title='bbox 453 3658 532 3715; x_wconf 91' lang='lat' dir='ltr'><strong>hunc</strong></span> <span class='ocrx_word' id='word_1_361' title='bbox 545 3656 588 3714; x_wconf 90' lang='lat' dir='ltr'><strong>M.</strong></span> <span class='ocrx_word' id='word_1_362' title='bbox 603 3657 746 3714; x_wconf 89' lang='lat' dir='ltr'><strong>Catonern</strong></span> <span class='ocrx_word' id='word_1_363' title='bbox 760 3655 857 3713; x_wconf 90' lang='lat' dir='ltr'><strong>statim</strong></span> <span class='ocrx_word' id='word_1_364' title='bbox 871 3655 1018 3716; x_wconf 87' lang='lat' dir='ltr'><strong>Favonius</strong></span> <span class='ocrx_word' id='word_1_365' title='bbox 1031 3657 1143 3730; x_wconf 87' lang='lat' dir='ltr'><strong>detulit.</strong></span> <span class='ocrx_word' id='word_1_366' title='bbox 1233 3701 1237 3708; x_wconf 94' lang='lat'>.</span> 
     </span>
     <span class='ocr_line' id='line_1_44' title="bbox 131 3733 1285 3815; baseline -0.008 -16"><span class='ocrx_word' id='word_1_367' title='bbox 131 3743 155 3759; x_wconf 53' lang='lat'><strong>*&#39;</strong></span> <span class='ocrx_word' id='word_1_368' title='bbox 253 3739 292 3798; x_wconf 90' lang='lat' dir='ltr'><strong>X.</strong></span> <span class='ocrx_word' id='word_1_369' title='bbox 327 3737 458 3807; x_wconf 86' lang='lat' dir='ltr'><strong>Interim,</strong></span> <span class='ocrx_word' id='word_1_370' title='bbox 474 3733 543 3794; x_wconf 84' lang='lat' dir='ltr'><strong>ciun</strong></span> <span class='ocrx_word' id='word_1_371' title='bbox 557 3735 644 3794; x_wconf 87' lang='lat' dir='ltr'><strong>sciret</strong></span> <span class='ocrx_word' id='word_1_372' title='bbox 658 3734 779 3794; x_wconf 89' lang='lat' dir='ltr'><strong>Clodius</strong></span> <span class='ocrx_word' id='word_1_373' title='bbox 794 3734 902 3815; x_wconf 83' lang='lat' dir='ltr'><strong>(neque</strong></span> <span class='ocrx_word' id='word_1_374' title='bbox 917 3736 995 3796; x_wconf 91' lang='lat' dir='ltr'><strong>enim</strong></span> <span class='ocrx_word' id='word_1_375' title='bbox 1010 3748 1072 3795; x_wconf 89' lang='lat' dir='ltr'><strong>erat</strong></span> <span class='ocrx_word' id='word_1_376' title='bbox 1092 3735 1210 3794; x_wconf 86' lang='lat' dir='ltr'><strong>difficile</strong></span> <span class='ocrx_word' id='word_1_377' title='bbox 1282 3783 1285 3790; x_wconf 85' lang='lat'>.</span> 
     </span>
    </p>
   </div>
   <div class='ocr_carea' id='block_1_11' title="bbox 213 3814 1323 3899">
    <p class='ocr_par' dir='ltr' id='par_1_18' title="bbox 213 3814 1323 3899">
     <span class='ocr_line' id='line_1_45' title="bbox 213 3814 1323 3899; baseline -0.008 -20"><span class='ocrx_word' id='word_1_378' title='bbox 213 3820 315 3899; x_wconf 82' lang='lat' dir='ltr'><strong>scire),</strong></span> <span class='ocrx_word' id='word_1_379' title='bbox 330 3820 384 3877; x_wconf 92' lang='lat' dir='ltr'><strong>iter</strong></span> <span class='ocrx_word' id='word_1_380' title='bbox 398 3817 536 3889; x_wconf 86' lang='lat' dir='ltr'><strong>sollenne,</strong></span> <span class='ocrx_word' id='word_1_381' title='bbox 547 3816 720 3895; x_wconf 81' lang='lat' dir='ltr'><strong>legitImum,</strong></span> <span class='ocrx_word' id='word_1_382' title='bbox 732 3819 940 3892; x_wconf 88' lang='lat' dir='ltr'><strong>necessarium,</strong></span> <span class='ocrx_word' id='word_1_383' title='bbox 951 3817 1104 3877; x_wconf 86' lang='lat' dir='ltr'><strong>antediem</strong></span> <span class='ocrx_word' id='word_1_384' title='bbox 1118 3814 1209 3875; x_wconf 88' lang='lat' dir='ltr'><strong>XIII.</strong></span> <span class='ocrx_word' id='word_1_385' title='bbox 1316 3851 1323 3856; x_wconf 88' lang='lat'>-</span> 
     </span>
    </p>
   </div>
   <div class='ocr_carea' id='block_1_12' title="bbox 163 3895 1209 3970">
    <p class='ocr_par' dir='ltr' id='par_1_19' title="bbox 163 3895 1209 3970">
     <span class='ocr_line' id='line_1_46' title="bbox 163 3895 1209 3970; baseline -0.008 -11"><span class='ocrx_word' id='word_1_386' title='bbox 163 3904 199 3959; x_wconf 86' lang='grc'><strong>45</strong></span> <span class='ocrx_word' id='word_1_387' title='bbox 213 3900 360 3959; x_wconf 86' lang='lat' dir='ltr'><strong>Calendas</strong></span> <span class='ocrx_word' id='word_1_388' title='bbox 381 3896 566 3970; x_wconf 83' lang='lat' dir='ltr'><strong>Februarias,</strong></span> <span class='ocrx_word' id='word_1_389' title='bbox 589 3895 699 3960; x_wconf 78' lang='lat' dir='ltr'><strong>Miloni¹</strong></span> <span class='ocrx_word' id='word_1_390' title='bbox 721 3917 785 3956; x_wconf 89' lang='lat' dir='ltr'><strong>esse</strong></span> <span class='ocrx_word' id='word_1_391' title='bbox 812 3898 977 3961; x_wconf 87' lang='lat' dir='ltr'><strong>Lanuvium</strong></span> <span class='ocrx_word' id='word_1_392' title='bbox 999 3898 1036 3957; x_wconf 87' lang='lat' dir='ltr'><strong>ad</strong></span> <span class='ocrx_word' id='word_1_393' title='bbox 1063 3896 1209 3956; x_wconf 85' lang='lat' dir='ltr'><strong>flaminem</strong></span> 
     </span>
    </p>
   </div>
   <div class='ocr_carea' id='block_1_13' title="bbox 0 0 1353 4484">
    <p class='ocr_par' dir='ltr' id='par_1_20' title="bbox 0 0 1353 4484">
     <span class='ocr_line' id='line_1_47' title="bbox 0 0 1353 4484; baseline 0 0"><span class='ocrx_word' id='word_1_394' title='bbox 0 0 1353 4484; x_wconf 95' lang='lat' dir='ltr'><strong> </strong></span> 
     </span>
    </p>
   </div>
  </div>
 </body>
</html>
