2692 4484
384 240 520 292 onnrro
542 240 611 290 eno
635 236 733 305 unqu
754 236 921 387 sputum.
1154 244 1193 302 53

612 341 616 348 .
680 341 741 373 W
774 324 807 352 ott
822 316 849 349 f!
860 326 878 349 ι·

163 388 298 465 liquerit?
339 387 444 445 Vestra
457 383 684 443 admurmuratio
697 382 778 457 Μ,
790 380 934 453 Quirites,
949 389 982 438 ut
995 397 1150 456 agnoscere

164 467 328 539 videamini,
341 466 390 542 qui
406 467 468 523 haec
489 463 628 522 fecerint:
649 480 705 538 ego
726 471 823 517 autem
843 460 992 518 neminem
1015 458 1150 517 nomino:

164 566 252 623 quere
265 546 350 604 irasci
365 545 435 601 mihi
449 561 535 602 nemo
555 541 668 617 poterit,
683 539 738 597 nisi
760 540 808 614 qui
831 538 897 596 ante
918 539 956 596 de
977 557 1009 595 se
1030 536 1152 594 voluerit
1207 556 1214 565 ·

164 620 300 683 confiteri.
343 623 455 698 Itaque,
464 632 577 699 propter
587 620 664 676 hanc
679 618 827 675 avaritiam
838 618 1052 694 imperatorum,
1063 633 1153 691 quan·

163 714 208 761 tas
221 703 410 772 calamitates,
431 699 550 776 quocun
568 717 606 756 ue
627 706 745 789 qqqtum
767 695 814 766 sit,
836 698 924 754 nostri
946 695 1092 753 exercitus
1113 693 1152 751 fe·
1183 700 1202 752 5

163 794 237 854 rant,
251 783 315 858 quis
329 781 462 858 ignoratl
503 777 542 835 Iti
581 755 627 847 ld}
647 794 710 851 quae
733 794 784 851 per
797 775 884 833 hosce
908 793 997 833 annos
1020 773 1051 831 in
1065 772 1153 829 Italis

163 881 213 937 per
228 881 310 937 agros
325 857 537 949 atquepppidq.
545 855 652 913 civium
677 854 873 911 Romanorum
892 854 981 911 nostri
1002 853 1153 927 imperato·

163 959 210 998 res
221 940 363 1009 fecerunt,
376 922 588 995 tlicorddmini:
609 942 671 990 tum
692 929 806 989 facilids
829 931 970 1002 statuetis,
992 931 1062 1006 quid
1077 930 1152 1008 apud

68 1080 73 1087 ,
164 1029 277 1076 exteras
290 1018 422 1075 nationes
436 1013 499 1072 fieri
512 1011 689 1070 existimetis.
730 1008 833 1067 Utrdm
854 1011 950 1086 plures
973 1008 1152 1087 arbitramini

110 1106 113 1109 “
164 1118 216 1174 per
230 1098 317 1155 hosce
333 1112 423 1152 annos
436 1091 559 1148 militnm
573 1097 730 1147 vestrorum
744 1089 831 1146 armis
851 1089 974 1148 hostium
988 1089 1082 1159 urbes,
1104 1107 1151 1158 an,
1167 1095 1202 1148 10

167 1175 305 1245 hibernis,
320 1173 464 1231 sociorum
478 1169 616 1240 civitates,
631 1188 694 1226 esse
718 1167 847 1225 deletas?
889 1167 992 1243 Neque
1015 1168 1092 1224 enirn
1105 1186 1153 1243 po·

167 1266 224 1311 test
236 1253 396 1311 exercitum
411 1250 438 1323 is
449 1269 485 1320 „co
504 1249 594 1306 tinere
608 1248 771 1323 imperator,
785 1245 834 1322 qui
858 1265 889 1304 se
912 1247 1004 1323 ipsum
1018 1252 1075 1304 non
1086 1267 1158 1323 con-N

169 1333 259 1400 tinet;
280 1268 577 1425 nequeffte'rtssesse
592 1327 621 1384 in
633 1325 801 1402 judicando,
815 1325 863 1400 qui
879 1325 949 1383 alios
970 1325 1000 1381 in
1022 1345 1053 1382 sa
1067 1320 1169 1387 seres)

160 1396 292 1495 &lesse
303 1399 565 1484 judiced'liffi‘vult.
1091 1449 1093 1452 .

174 1487 269 1546 ”Hic
290 1488 435 1556 miramur,
460 1486 538 1543 hunc
560 1484 705 1543 hominem
727 1480 840 1540 tantdrn
862 1483 1002 1541 excellere
1029 1481 1151 1552 ceteris,
1168 1487 1208 1559 15,

127 1569 130 1574 ’
168 1566 250 1642 cujus
263 1565 390 1642 legiones
403 1564 446 1622 sic
460 1564 490 1623 in
505 1564 578 1622 Asia
670 1572 813 1641 generunt
836 1572 939 1633 utnon
953 1560 1038 1620 modb
1052 1580 1153 1617 munus
1205 1626 1208 1645 ¹

167 1655 179 1701 t
197 1645 239 1702 nti
255 1643 409 1715 exercitiis,
433 1644 485 1701 sed
507 1582 762 1725 nessdpfqrffim
784 1660 793 1698 1
815 1659 872 1711 ern,
897 1640 1032 1715 cuiquam
1052 1647 1154 1714 pacato
1193 1636 1196 1645 ’
1225 1636 1228 1647 '

33 1684 117 1793 Aa
186 1724 299 1785 ocuisse
312 1723 446 1780 dicaturl
487 1721 555 1780 Jam
572 1719 651 1791 verd,
673 1719 916 1795 quemadmodum
937 1718 1043 1776 milites
1063 1718 1155 1777 hiber·

167 1813 245 1874 nent,
259 1801 386 1878 quotidie
408 1820 554 1859 sermones
575 1819 611 1857 ac
631 1800 722 1857 literae
743 1797 932 1875 perferuntur.
973 1797 1041 1856 Non
1057 1794 1153 1868 modo,

167 1892 199 1939 ut
219 1891 364 1957 sumptum
387 1880 477 1938 faciat
498 1880 528 1938 in
549 1879 681 1949 militem,
695 1877 806 1935 nemini
827 1876 870 1933 vis
892 1877 1024 1946 ‚offertum
1045 1876 1096 1935 sed
1116 1894 1154 1934 ne
1167 1879 1204 1932 2⁰

35 2014 39 2019 ,
132 2025 135 2029 ,
167 1961 295 2037 cupienti
320 1959 436 2034 quidem
464 1959 601 2034 cuiquam
626 1956 808 2033 permittitur.
851 1955 965 2013 Hiemis
988 1956 1077 2026 enirn,
1098 1973 1155 2012 non

168 2039 304 2109 avaritiae,
318 2037 482 2114 perfugium
495 2036 617 2112 majores
637 2036 727 2093 nostri
740 2036 771 2093 in
795 2033 938 2092 sociorum
952 2045 1038 2109 atque
1052 2033 1157 2091 amico·

170 2136 232 2174 rum
246 2117 332 2174 tectis
345 2135 408 2172 esse
422 2116 580 2172 voluerunt.
624 2127 639 2159 st
668 2124 685 2139 ⁶
696 2106 709 2187 ⁹,

164 2193 294 2252 -x1v.
329 2193 395 2269 Age
415 2190 494 2263 verb,
515 2192 627 2250 caeter'is
647 2193 678 2251 in
697 2194 783 2251 rebus
842 2191 881 2251 ali
901 2191 938 2249 sit
958 2190 1155 2267 temperantid,
1257 2198 1260 2203 ’

63 2300 91 2314 -·
138 2276 155 2329 ,“
171 2273 358 2332 considerate.
399 2270 485 2329 Unde
505 2268 583 2328 illam
603 2280 712 2330 tantam
736 2272 836 2331 celerit
855 2282 923 2344 tem,
938 2282 967 2328 et
986 2282 1045 2327 tarn
1066 2270 1204 2328 incre-25
1232 2296 1235 2302 ¹

171 2352 241 2409 dibil
302 2369 428 2429 ,cursum
450 2351 597 2409 inventum
618 2351 745 2426 putatis?
773 2371 831 2410 non
853 2352 930 2409 enim
951 2350 1032 2407 illum
1051 2349 1157 2407 eximia
1191 2392 1193 2396 -

170 2430 212 2488 vis
226 2370 442 2506 leigifflfdut
456 2448 502 2486 ars
515 2428 646 2511 inaudita
658 2431 789 2505 quedam
809 2429 999 2507 gubernandi,
1015 2439 1064 2486 aut
1079 2428 1155 2487 venti

170 2509 258 2584 aliqui
271 2508 346 2580 novi,
360 2518 420 2566 tam
438 2506 571 2566 celeriter
592 2507 622 2566 in
644 2509 761 2567 ultimas
780 2519 870 2567 terras
888 2508 1082 2585 pertulerunt:
1104 2508 1154 2566 sed

169 2589 212 2645 hae
227 2607 282 2659 res,
296 2607 359 2662 quae
383 2596 501 2644 caeteros
524 2588 661 2645 remorari
684 2587 785 2658 solent,
799 2608 856 2646 non
877 2587 1075 2645 retardarunt:
1096 2607 1154 2645 non

169 2667 288 2724 avaritia
302 2668 338 2723 ab
352 2665 482 2724 instituto
496 2682 582 2723 cursu
597 2667 633 2724 ad
647 2667 773 2743 praedam
789 2667 912 2741 aliquam
925 2667 1082 2737 devocavit,
1097 2686 1154 2724 non
1166 2665 1203 2719 30

167 2745 256 2802 libido
273 2746 309 2802 ad
333 2746 515 2821 voluptatem,
535 2765 592 2802 non
615 2745 766 2803 amoenitas
789 2745 825 2802 ad
847 2745 1075 2816 delectationem,
1096 2765 1154 2803 non

167 2824 300 2882 nobilitas
322 2825 401 2882 urbis
423 2824 459 2881 ad
482 2823 646 2903 cognitione
671 2869 691 2909 ,⁴
793 2832 795 2835 '
827 2823 1014 2913 mqlffrlsslffl
1036 2825 1096 2900 ipse
1117 2825 1154 2881 ad

67 2968 69 2972 ¹
167 2903 308 2978 quietem;
329 2900 483 2979 postremb,
505 2903 598 2978 signa,
608 2825 1155 2983 &glablllsffiaeteraquffomamema

167 2982 335 3043 Grecorum
349 2982 528 3058 oppidorum,
559 3001 603 3040 uae
626 2982 725 3039 caeteri
746 2981 872 3040 tollenda
893 3001 956 3040 esse
970 2983 1153 3054 arbitrantur,

41 3066 48 3077 ⁴
73 3064 89 3101 ν’
167 3080 203 3117 ea
226 3059 281 3116 sibi
305 3056 353 3117 ille
374 3080 412 3119 ne
431 3050 558 3117 uisenda
572 3061 688 3135 quidem
712 3061 892 3117 existimarit.
933 3060 1035 3135 Itaque
1054 3058 1202 3119 omnesss

166 3139 283 3214 quidem
305 3158 384 3213 nunc
399 3139 429 3195 in
451 3138 496 3195 his
509 3138 581 3195 locis
603 3139 657 3196 Cn.
672 3138 851 3215 Pompeium,
865 3139 941 3196 sicut
960 3140 1082 3214 aliquem
1096 3159 1153 3197 non

167 3237 203 3275 ux
218 3218 273 3274 hac
288 3217 359 3274 urbe
373 3217 502 3287 missum,
517 3217 566 3273 sed
581 3219 617 3274 de
632 3217 705 3275 coelo
718 3218 875 3293 delapsum,
891 3218 1054 3275 intuentur:
1075 3237 1154 3276 nunc

167 3295 292 3371 denique
319 3296 461 3371 incipiunt
495 3296 622 3365 credere,
650 3296 738 3354 fuisse
765 3297 895 3354 homines
922 3297 1070 3354 Romanos
1098 3299 1153 3356 hac

165 3376 309 3449 quondam
332 3373 522 3442 abstinentiti3
543 3375 618 3449 qnod
642 3375 648 3385 '
668 3394 697 3430 m
717 3375 882 3432 nationibus
903 3377 1007 3434 exteris
1030 3377 1152 3436 incredi-

166 3453 232 3523 bile,
248 3471 283 3510 ac
305 3452 376 3513 salso
400 3438 499 3513 nt'r‘rid
518 3442 543 3509 ‘ae
564 3393 717 3528 prodlldffi,
732 3455 888 3512 videbatur.
930 3454 1019 3512 Nunc
1040 3456 1151 3532 imperii
1164 3453 1200 3507 40

166 3532 250 3590 vestri
277 3532 409 3607 splendor
439 3531 477 3590 ill'
515 3532 649 3608 gentibus
669 3532 765 3590 lucet:
793 3553 872 3591 nunc
899 3533 1073 3611 intelligunt,
1093 3555 1151 3593 non

165 3611 226 3669 sine
241 3610 329 3669 causti
350 3610 472 3686 majores
493 3629 559 3667 suos
580 3620 652 3681 tum,
677 3608 746 3668 crim
768 3613 823 3669 hac
843 3613 1034 3688 temperantid
1048 3614 1152 3689 magis-

166 3699 255 3746 tratus
275 3689 462 3761 habebamus,
484 3689 590 3747 servire
612 3689 717 3765 populo
739 3689 883 3761 Romano,
903 3689 991 3766 qubm
1011 3691 1151 3766 imperare

166 3766 239 3833 eliis,
253 3767 396 3825 moluisse.

404 3845 447 3901 ὅ*
