2692 4484
357 292 499 345 *oaamo
520 251 591 342 eno
611 290 712 341 naon
731 288 931 346 nnrosaao,
1145 296 1183 354 81

152 449 214 494 turn
226 436 279 494 sibi
300 435 434 507 amicum,
457 443 667 512 cognoverant:
689 430 814 506 cumque
836 434 910 508 apud
936 432 1030 508 ipsum
1053 443 1082 489 te
1102 433 1138 491 de

151 526 202 574 tuo
214 516 339 592 periculo
351 516 492 585 dicerent,
508 515 567 572 fore
589 514 740 590 putabam,
756 521 787 567 ut
810 511 839 567 in
862 512 1029 569 exulcerato
1043 511 1142 569 animo

152 594 238 652 facild
262 589 361 652 lictum
385 593 496 652 crimen
520 591 665 651 insideret.
713 588 912 651 Quamobrem
934 591 989 648 hoc
1010 611 1063 649 nos
1083 590 1141 667 pri·

151 672 231 731 mum
244 684 333 744 metu,
347 673 403 732 cai
417 672 527 742 Caesar,
539 691 590 748 per
604 671 701 739 fidem,
715 677 744 726 et
758 668 957 738 constantiam,
971 680 1000 727 et
1013 670 1140 728 clemen·
1221 735 1224 740 .

151 751 221 808 tiam
234 762 324 823 tuam,
338 752 439 822 libera,
454 769 492 808 ne
506 749 632 808 residere
646 747 676 806 in
697 757 726 804 te
739 747 827 804 ullam
849 757 958 823 partem
980 748 1138 806 iracundie
1170 752 1187 803 5

151 830 338 906 suspicemur.
380 830 436 888 Per
451 829 579 887 dextram
594 838 623 885 te
646 827 731 883 istam
753 845 812 895 oro,
827 844 912 900 quarn
927 825 988 902 regi
1002 826 1139 886 Deiotaro

151 909 254 985 hospes
273 908 377 985 hospiti
399 907 568 984 porrexisti3
590 907 685 974 istam,
700 904 826 978 inquam,
840 904 979 975 dextram,
1000 925 1056 963 non
1078 918 1138 963 tam

115 984 118 989 ’
152 986 182 1044 in
207 987 340 1045 bellis'et
362 987 392 1043 in
409 985 527 1062 proeliis,
542 983 628 1058 quam
651 983 681 1040 in
704 982 849 1058 promissis
861 993 891 1039 et
905 982 963 1040 fide
976 983 1136 1042 firmiorem.

153 1064 204 1122 'l'n
217 1064 295 1122 illius
308 1066 425 1121 domum
440 1064 523 1133 inire,
537 1070 568 1119 tu
582 1073 662 1119 vetus
681 1061 834 1136 hospitium
847 1079 993 1131 renovare,
1009 1061 1137 1127 voluisti:

153 1151 184 1199 te
197 1142 260 1216 ejus
273 1142 324 1198 Dii
337 1152 458 1217 penates
472 1149 659 1217 acceperunt:
681 1150 710 1197 te
731 1139 857 1197 amicum
877 1150 906 1196 et
918 1140 1062 1215 placatum
1081 1140 1140 1198 De·
1154 1145 1187 1196 10

156 1219 241 1276 iotari
255 1219 332 1295 regis
346 1238 402 1277 arae
417 1218 528 1295 focique
542 1220 680 1276 viderunt.
828 1220 834 1237 '¹

198 1295 275 1352 Crim
289 1296 374 1355 facile
389 1298 507 1368 exorari,
522 1298 629 1367 Caesar,
643 1307 704 1352 tum
718 1296 807 1353 semel
822 1295 943 1365 exorari,
958 1295 1038 1353 soles,
1080 1296 1140 1354 Ne-

157 1392 206 1430 mo
219 1393 344 1448 unquam
358 1385 386 1432 te
399 1376 521 1450 placant
535 1375 679 1444 inimicus,
693 1374 742 1449 qui
757 1374 831 1431 ullas
851 1373 992 1431 resedisse
1006 1375 1035 1431 in
1055 1385 1084 1432 te
1104 1375 1140 1431 si·

156 1452 284 1509 multatis
311 1454 444 1527 reliquias
470 1453 599 1511 senserit.
648 1453 827 1526 Quanquam
849 1451 898 1510 cui
919 1463 986 1509 sunt
1006 1451 1140 1511 inaudite

156 1547 222 1586 cum
237 1530 373 1587 Deiotaro
386 1532 508 1605 querelae
521 1533 599 1607 tuael
639 1530 797 1607 Nunquam
811 1540 843 1587 tn
864 1530 945 1587 illum
960 1532 1140 1601 accusavisti,
1157 1535 1189 1586 15

155 1617 187 1664 ut
201 1608 318 1677 bostem,
333 1610 384 1665 sed
395 1621 426 1666 ut
441 1609 566 1668 amicum
587 1609 683 1667 officio
702 1628 804 1686 parum
829 1609 970 1677 functum,
985 1607 1063 1681 quod
1082 1628 1143 1684 pro·

154 1685 266 1760 peusior
286 1686 317 1744 in
336 1687 391 1744 Cu.
415 1688 542 1764 Pompeii
564 1689 722 1746 amicitiam
750 1687 860 1758 fuisset,
886 1687 973 1762 quarn
1003 1686 1033 1744 in
1053 1698 1141 1744 tuam.

154 1762 321 1822 calanen
337 1766 388 1842 ipsi
403 1766 444 1823 rei
459 1768 573 1824 reniam
587 1778 616 1824 11
639 1769 774 1825 daturum
798 1766 887 1822 luisse
900 1765 1028 1835 dicebas,
1042 1765 1066 1822 si
1081 1776 1142 1823 tan·

154 1840 215 1899 turn
231 1844 337 1901 auxilia
345 1843 496 1920 Pompeio,
511 1846 555 1902 vel
569 1846 593 1902 si
608 1845 695 1902 etiam
716 1845 807 1902 lilium
825 1844 958 1913 misisset,
983 1845 1043 1919 ipse
1056 1863 1142 1901 excu-

155 1920 265 1978 satione
278 1923 369 1979 aetatis
383 1942 451 1979 usus
461 1933 545 1980 esset.
587 1922 643 1992 lta,
658 1921 727 1980 crim
741 1923 954 1979 maximiscum
974 1924 1060 1979 rebus
1073 1923 1143 1979 libe
1155 1921 1191 1975 20

155 2016 243 2069 rame,
256 2019 423 2075 perparvam
438 2000 573 2058 amicitiae
587 2000 701 2075 culpam
715 2001 905 2075 relinquebas.

195 2076 242 2132 Ita
261 2096 298 2132 ue
317 2098 375 2134 non
395 2077 488 2134 solum
510 2078 540 2135 in
564 2096 630 2135 eum
653 2097 710 2136 nou
733 2078 969 2148 animadvertisti,
992 2079 1044 2135 sed
1063 2078 1141 2136 omni

157 2164 235 2210 metu
242 2096 417 2225 liberavisti,
431 2155 571 2231 hospitem
586 2156 735 2232 agnovisti,
749 2176 847 2233 regem
867 2157 1006 2231 reliquisti
1022 2177 1029 2214 :
1050 2176 1143 2231 neque

155 2231 235 2288 euim
250 2232 299 2290 ille
312 2233 379 2290 odio
392 2233 623 2310 tuiprogressus,
638 2236 688 2293 sed
708 2255 803 2293 errore
823 2235 968 2292 communi
983 2236 1080 2311 lapsus
1091 2245 1142 2293 eat.

157 2308 188 2365 Is
208 2329 267 2380 rex,
289 2329 374 2386 quem
397 2323 514 2369 senatus
535 2314 590 2371 hoc
609 2313 725 2372 nomine
748 2333 823 2389 saepe
847 2313 1142 2383 honorificentissimis
1155 2310 1191 2383 25

156 2388 282 2445 decretis
297 2390 502 2465 appellavisset,
517 2391 623 2466 quique
637 2392 718 2449 illum
738 2393 868 2450 ordinem
891 2393 928 2449 ab
948 2392 1142 2461 adolescentis

155 2467 355 2542 gravissimum
369 2469 637 2545 sanctissimumque
651 2470 788 2539 duxisset,
804 2471 904 2528 iisdem
924 2471 1011 2527 rebus
1024 2483 1068 2528 est
1082 2489 1143 2545 per·

154 2546 295 2617 turbatus,
311 2547 395 2605 homo
408 2547 580 2624 longinquus
600 2561 629 2606 et
654 2549 826 2626 alienigena,
841 2548 944 2625 quibus
958 2569 1019 2620 nos,
1033 2550 1063 2606 in
1083 2566 1142 2606 me·

155 2624 202 2680 dia
218 2625 364 2700 republicis
378 2627 449 2697 nati,
463 2646 630 2704 semperque
644 2629 757 2687 versati.

105 2692 164 2796 <J
195 2701 247 2759 lv.
281 2703 358 2761 Cbnr
373 2705 494 2775 audiret,
509 2707 626 2764 senatuis
649 2708 856 2766 consentientis
878 2708 1048 2765 auctoritate
1062 2724 1142 2763 arma
1154 2707 1190 2759 30

57 2810 66 2817 -
155 2791 281 2855 sumpta;
303 2784 479 2853 consulibus,
492 2785 669 2859 praetoribus,
684 2786 806 2843 tribunis
827 2786 928 2861 plebis,
950 2786 1033 2843 nobis
1056 2785 1142 2859 irnpe-

154 2859 304 2929 tatoribus,
319 2861 526 2936 rempublicam
540 2863 751 2920 defendendam
766 2865 879 2932 datam;
901 2864 1067 2920 movebatur
1083 2862 1142 2919 ani·

96 2910 211 3053 {ma
226 2947 255 2993 et
278 2938 330 3007 vir,
344 2938 413 2995 hnic
438 2938 556 3012 imperio
579 2940 781 3010 amicissimus,
796 2941 833 2997 de
856 2941 948 2998 salute
970 2940 1066 3015 populi
1081 2941 1142 2996 Ro-

155 3013 234 3070 mani
248 3014 463 3084 extimescebat,
477 3016 507 3072 in
521 3016 578 3089 qud
591 3015 679 3073 etiarn
693 3036 775 3074 suam
786 3018 927 3075 inclusam
942 3017 1064 3075 ridebat.
1106 3017 1141 3074 ln
1235 3090 1238 3093 x

155 3109 269 3148 summo
289 3100 387 3148 tamen
406 3090 519 3160 timore,
543 3093 750 3166 quiescendum
778 3095 834 3151 sibi
855 3113 918 3151 esse
941 3094 1139 3150 arbitrabatur.
1154 3095 1190 3148 35

156 3166 286 3231 Maxime
308 3166 376 3225 verb
397 3169 578 3243 perturbatus
601 3181 654 3239 est,
669 3178 701 3226 ut
723 3171 841 3241 audivit,
855 3171 987 3229 consules
1007 3190 1043 3228 111
1057 3170 1142 3239 ltalia

154 3245 325 3322 profugisse,
353 3264 509 3320 omnesque
544 3247 708 3324 consulares
736 3248 794 3324 (sic
820 3249 897 3306 euim
924 3249 1139 3327 nunciabatur),

154 3334 294 3382 cunctum
321 3336 464 3395 senatum,
489 3335 576 3383 totam
604 3325 718 3385 Italiam
747 3346 810 3385 esse
835 3327 963 3385 effusam.
1018 3328 1140 3387 Talibus

153 3402 231 3460 enim
246 3403 355 3462 nuntiis
369 3414 399 3460 et
412 3403 573 3462 rumoribus
585 3404 702 3479 patebat
723 3406 759 3464 ad
772 3404 922 3463 Orientem
937 3405 998 3476 via;
1019 3426 1075 3464 nec
1088 3407 1138 3464 ulli

153 3481 213 3538 veri
221 3482 477 3556 subsequebantur.
519 3481 601 3541 Nihil
625 3483 672 3541 1111
696 3484 965 3545 111111111111111111111
978 3485 1045 3554 tuis,
1067 3486 1137 3543 nihil
1152 3485 1187 3538 40

154 3559 191 3615 de
204 3561 297 3620 studio
310 3557 473 3619 concordie
486 3570 516 3617 et
527 3561 619 3638 pacis,
633 3562 705 3621 nihil
729 3564 765 3620 de
780 3564 989 3639 conspiratione
1003 3565 1138 3621 audiebat

155 3646 296 3695 certorum
318 3639 466 3697 hominum
488 3650 587 3697 contra
611 3641 778 3718 dignitatern
796 3655 884 3700 tuam.
924 3640 1139 3703 Quaesumus

154 3725 259 3785 essent,
273 3720 368 3775 tamen
384 3726 474 3792 usqu'e
496 3714 532 3775 eb
553 3738 584 3776 se
607 3721 710 3791 tenuit,
724 3722 818 3798 quoad
839 3740 856 3777 a
876 3721 931 3778 Cn.
946 3719 1082 3794 Pompeio
1102 3718 1138 3773 ad

65 3810 69 3817 “
154 3811 221 3851 eum
234 3793 322 3873 legati
334 3794 481 3872 literaeque
495 3808 642 3856 venerunt.
944 3810 948 3819 “
