2692 4484
375 334 510 385 ORATIO
532 332 568 382 Il.
591 332 629 381 IN
651 332 683 381 L.
705 329 922 380 CATILINAM.
1149 330 1190 388 23

164 482 290 540 arbitror.
329 478 393 539 Qui
414 476 554 546 homines,
570 471 706 552 primum,
721 471 745 530 si
759 482 835 530 stare
857 492 916 529 nou
936 482 1066 547 possunt,
1083 492 1142 531 cor·

162 569 262 627 ruant;
284 557 334 614 sed
348 557 398 627 ita,
412 565 516 612 utnon
537 551 622 610 modd
646 552 758 623 civitas,
780 552 831 609 sed
852 569 890 608 ue
912 549 1006 607 vicini
1027 550 1143 625 quidem

116 624 281 714 ><proximi
307 635 441 693 sentiant.
490 630 570 689 Nam
596 631 667 687 illud
696 648 754 687 uon
783 629 923 705 intelligo,
944 626 1143 703 quamobrem,

163 717 187 772 si
200 714 295 771 vivere
308 711 427 771 honeste
441 730 500 769 nou
513 717 641 784 possunt,
654 707 749 785 perire
764 707 884 784 turpiter
897 706 1004 776 relint3
1026 716 1077 763 aut
1092 725 1145 764 cur

163 794 272 851 minore
286 792 381 850 dolore
394 790 535 866 perituros
549 807 580 845 se
594 806 663 844 cum
676 786 784 857 multis,
798 784 884 861 quam
906 785 930 842 si
947 785 999 843 soli
1012 794 1144 861 percant,
1176 786 1195 838 5

165 873 346 929 arbitrentur.

201 950 348 1011 Quintum
361 967 453 1025 genus
467 955 511 1003 est
522 944 742 1021 parricidarum,
757 943 939 1014 sicariorum,
948 943 1073 1019 denique
1085 961 1146 1001 om-

164 1030 246 1087 nium
259 1027 500 1085 facinorosorum:
521 1042 592 1097 quos
605 1041 659 1098 ego
674 1021 833 1079 a'Catiliud
854 1040 913 1079 non
934 1040 1054 1079 revoco:
1076 1041 1144 1079 narn

165 1126 257 1181 neque
271 1106 368 1164 divelli
383 1105 419 1160 ab
440 1123 476 1160 eo
495 1111 630 1177 possunt:
652 1111 681 1158 et
699 1109 822 1175 pereant
843 1098 914 1157 sanc
937 1100 967 1157 in
983 1100 1144 1172 latrocinio,

165 1184 300 1261 quoniam
314 1193 382 1240 sunt
395 1183 437 1239 ita
450 1179 543 1248 multi,
561 1189 592 1236 ut
605 1198 654 1236 eos
667 1198 771 1255 capere
785 1196 886 1236 carcer
899 1197 957 1236 nou
970 1179 1065 1254 possit.
1161 1175 1195 1228 10

204 1262 385 1319 Postremum
403 1269 498 1316 autem
520 1276 611 1334 genus
632 1266 685 1328 est,
708 1277 765 1315 nou
787 1255 880 1314 solum
901 1275 1031 1328 numero,
1045 1254 1166 1331 veriamv

67 1392 77 1401 .
166 1341 254 1399 etiam
282 1358 389 1416 genere
416 1338 476 1412 ipso
503 1346 587 1411 atque
615 1335 684 1406 vital,
711 1336 787 1411 quod
812 1335 956 1411 proprium
983 1345 1026 1393 est
1046 1335 1146 1393 Catili·

165 1439 222 1489 nae,
252 1420 289 1476 de
316 1417 377 1493 ejus
404 1416 529 1485 delectu,
558 1415 646 1471 immo
680 1413 748 1472 verri
784 1415 820 1470 de
846 1414 995 1491 complexu
1022 1413 1084 1490 ejus
1111 1432 1146 1470 ac
1244 1470 1246 1473 .

167 1498 251 1567 sinu3
281 1515 351 1572 quos
371 1514 443 1570 pexo
465 1494 580 1569 capillo,
603 1492 719 1564 nitidos,
743 1502 792 1550 aut
819 1492 971 1565 imberbes,
994 1501 1043 1550 aut
1070 1490 1145 1549 bend

167 1576 310 1645 barbatos,
325 1574 443 1641 videtis3
464 1572 619 1630 manicatis
632 1581 662 1629 et
675 1572 815 1630 talaribus
827 1572 951 1641 tunicis3
972 1571 1043 1628 velis
1060 1570 1147 1627 amic·
1161 1569 1196 1623 15

163 1664 221 1724 tos,
249 1673 306 1711 non
326 1652 417 1729 togis:
440 1669 561 1726 quorum
581 1650 676 1708 omnis
698 1649 840 1707 industria
861 1650 937 1719 vitas,
958 1658 989 1707 et
1009 1648 1146 1726 vigilandi

167 1733 257 1803 labor,
280 1732 309 1789 in
332 1730 513 1811 antelucanis
535 1730 627 1787 coenis
648 1728 830 1805 expromitur.
880 1727 917 1784 In
941 1727 987 1785 his
1012 1726 1147 1817 gregibus

168 1830 268 1869 omnes
282 1800 431 1879 aleatores,
444 1810 545 1866 omnes
559 1808 693 1877 adulteri,
707 1825 807 1864 omnes
824 1806 928 1882 impuri
942 1804 1146 1881 impudicique,

168 1876 324 1955 versantur.
366 1888 407 1944 Hi
417 1888 499 1963 pueri
513 1896 573 1944 tam
586 1880 675 1964 lepidi
691 1905 726 1943 ac
740 1884 867 1955 delicati,
877 1904 935 1965 noa
948 1882 1040 1949 solium
1051 1900 1148 1957 amare

169 1978 199 2025 et
213 1968 311 2038 amari,
326 1986 419 2042 neque
441 1976 560 2025 cantare
581 1975 611 2023 et
632 1965 748 2034 saltare,
762 1963 814 2020 sed
836 1952 1012 2021 etiamslc'as
1023 1955 1148 2032 rilir'are,
1162 1968 1197 2022 20

169 2055 199 2104 et
211 2066 344 2123 spargere
357 2064 479 2115 venena,
493 2044 676 2102 didicerunt:
698 2043 747 2118 qui
756 2042 812 2100 uisi
824 2052 939 2112 exeunt,
948 2041 1005 2099 uisi
1017 2051 1148 2117 pereunt,

169 2126 283 2183 etiamsi
296 2124 424 2182 Catilina
435 2123 562 2199 perierit,
571 2123 673 2180 scitote
687 2122 743 2179 hoc
756 2122 787 2178 iu
800 2120 950 2196 republicis
963 2118 1149 2177 seminarium

172 2201 403 2280 [catilinarium]
420 2202 556 2257 futurum.
598 2200 798 2258 Veruntamen
814 2199 884 2277 quid
905 2198 961 2256 sibi
984 2198 1031 2255 isti
1053 2197 1149 2256 miseri

169 2281 288 2339 voluntl
309 2298 379 2338 uum
393 2297 460 2335 suas
474 2296 573 2336 secum
595 2278 780 2336 mulierculas
801 2287 868 2336 suut
889 2278 920 2336 in
934 2287 1030 2335 castra
1050 2277 1150 2335 ductu·

170 2360 215 2416 ril
235 2358 477 2435 quemadmodum
492 2366 587 2414 autem
601 2356 658 2413 illis
672 2376 771 2415 carere
783 2366 925 2433 poterunt,
935 2356 980 2413 his
992 2356 1147 2432 presertim
1161 2362 1199 2416 25

175 2438 234 2513 jam
246 2436 403 2515 noctibus?
419 2455 480 2523 quo
494 2445 590 2492 autem
603 2447 689 2510 pacto
709 2436 750 2493 illi
770 2436 968 2512 Apenninum,
984 2445 1069 2511 atque
1086 2435 1149 2491 illas

169 2508 288 2607 pqldidas
297 2498 440 2584 donlids,
453 2513 620 2590 perferenti
641 2514 698 2572 nisi
719 2514 828 2573 idcirco
841 2534 872 2572 se
894 2511 1010 2572 facilids
1024 2513 1149 2571 hiemem

169 2595 337 2730 :pleraturos
350 2603 461 2670 putant,
476 2591 554 2667 quod
568 2593 640 2650 nudi
654 2593 685 2651 in
699 2594 836 2651 conviviis
848 2594 953 2651 saltare
974 2592 1147 2650 didicerunt.

214 2673 319 2730 bellum
333 2670 507 2748 magnopere
521 2672 793 2749 pertimescendum,
809 2670 876 2730 cirm
896 2673 973 2730 hanc
986 2671 1023 2729 sit
1037 2671 1149 2728 habitu·
1190 2672 1194 2691 ‘¹

170 2771 219 2811 rus
233 2751 361 2809 Catilina
373 2761 531 2809 scortorum
545 2752 692 2809 cohortem
704 2752 881 2827 praetoriam!
1162 2755 1199 2809 30

209 2830 265 2888 ΧΙ.
285 2830 423 2887 instruite
432 2850 521 2901 nuuc,
529 2821 673 2901 Quirites,
683 2840 784 2887 contra
792 2830 1071 2907 hastampraeclaras
1080 2828 1150 2886 Cat·

171 2909 248 2967 ilinae
261 2910 367 2986 copias,
376 2908 784 2985 vestrapraesidiavestrosque
797 2909 956 2967 exercitus:
981 2917 1011 2966 et
1023 2905 1149 2984 primirm

170 2988 320 3064 gladiatori
334 2987 375 3045 illi
386 2986 522 3046 (confecto
535 2997 565 3045 et
578 2979 824 3123 raucipqconsmes
838 2989 1076 3063 imperatoresque
1090 3004 1150 3042 ves-

170 3076 228 3123 tros
240 3067 373 3142 opponite
382 3064 526 3135 {deinde
541 3076 641 3124 contra
656 3067 662 3078 '
689 3084 735 3123 am
749 3066 953 3142 naufragorum
970 3067 1093 3141 ejectam
1115 3082 1149 3120 ac

154 3144 351 3202 'debilitatam
372 3161 499 3213 manum,
516 3142 615 3200 florem
635 3146 723 3202 totius
746 3144 840 3201 Italiae
861 3163 896 3201 ac
917 3146 1003 3201 robur
1024 3143 1148 3200 educite.
1163 3133 1199 3187 35

170 3222 238 3279 Jarn
252 3219 320 3277 vero
335 3220 421 3277 urbes
437 3221 615 3278 coloniarum
637 3241 672 3279 ac
693 3222 916 3298 municipiorum
938 3221 1150 3297 respondebunt

170 3299 305 3371 Catilinae
320 3297 439 3355 tumulis
460 3299 644 3357 silvestribus.
685 3299 790 3375 Neque
812 3300 879 3358 vero
902 3310 1021 3358 ceteras
1042 3299 1148 3375 copias,

170 3386 347 3447 ornamenta,
361 3375 496 3452 praesidia
508 3388 611 3448 vestra,
626 3397 694 3435 cum
708 3379 785 3436 illius
805 3379 924 3437 latronis
946 3378 1041 3455 inopiis
1064 3387 1148 3453 atque

169 3466 296 3533 egestate
310 3456 422 3514 conferr
454 3457 510 3514 deb
547 3502 553 3514 .
596 3456 664 3527 Sed,
675 3457 709 3527 si,
718 3458 831 3515 omissis
845 3459 889 3515 his
903 3459 990 3517 rebus
1003 3458 1147 3528 omnibus,

53 3570 57 3576 ι
147 3536 272 3610 ,quibus
285 3555 337 3593 nos
359 3475 582 3612 supplldlfflssis,
605 3544 671 3612 eget
693 3534 901 3671 Ulmum
924 3537 1068 3612 equitibus
1089 3534 1149 3592 Ro-
1162 3533 1198 3585 40

169 3614 271 3685 manis,
285 3614 397 3690 populo,
413 3608 494 3685 urbe,
509 3614 618 3684 aerario,
632 3606 732 3691 rec'tlg'·
759 3634 768 3671 ι
789 3635 808 3671 ιι
825 3660 833 3685 ,
848 3617 956 3673 cuneta
976 3615 1073 3685 Italia,
1087 3633 1149 3689 pro-

169 3693 272 3750 vinciis
292 3692 436 3763 omuibus,
457 3692 563 3751 exteris
588 3692 767 3770 nationibus)
796 3693 831 3764 si,
852 3694 897 3751 his
918 3695 1004 3751 rebus
1024 3691 1148 3760 omissis,

170 3769 245 3846 ipsas
259 3790 371 3843 causas,
385 3790 449 3846 quae
471 3771 546 3829 inter
568 3789 600 3828 se
622 3771 791 3847 confligunt,
813 3772 989 3830 contendere
1009 3770 1147 3837 velimus3

170 3867 206 3905 ex
226 3866 261 3906 eo
282 3849 351 3925 ipso,
372 3846 459 3924 quim
480 3846 564 3933 valde
586 3848 628 3907 illi
646 3848 775 3924 jaceant,
800 3849 963 3924 intelligere
988 3864 1147 3923 possumus.

400 3932 474 3969 'ssu'
631 3932 679 3969 :Q
739 3954 741 3961 ,
1050 3948 1055 3955 ,
