2692 4484
304 256 440 309 ORATIO
461 253 532 304 l’RO
552 253 585 303 T.
606 251 723 303 ANNIO
744 249 897 301 MILONE.
1089 247 1148 314 118

103 405 171 462 dem
193 421 256 461 esse
276 402 392 474 factam,
407 397 529 459 consilio
547 395 616 456 verb
637 396 755 474 majoris
776 393 907 471 alicujus.
950 390 1098 451 Videlicet

104 501 152 541 me
171 482 311 540 latronem
325 500 361 539 ac
373 479 511 538 sicarium
526 476 633 554 abjecti
646 475 778 534 bomines
791 484 821 532 et
832 472 938 550 perditi
952 472 1098 531 describe-

105 562 183 619 bant.
224 560 330 625 Jacent
349 560 409 617 suis
429 557 551 617 testibus
575 556 606 627 ii,
630 555 681 629 qui
703 554 837 612 Clodium
858 562 968 630 negant
991 571 1027 622 eo
1049 552 1098 610 die

104 640 240 712 Romam,
251 639 307 698 nisi
320 638 358 697 de
371 638 450 715 Cyro
463 636 603 707 audisset,
614 634 703 692 fluisse
713 633 880 691 rediturum.
922 631 1096 709 Respirari:

104 719 242 778 liberatus
261 737 343 776 sum:
373 737 432 775 non
453 734 563 785 vereor,
582 733 632 784 ne,
652 713 729 789 quod
751 731 789 770 ne
813 712 952 788 suspicari
978 711 1097 788 quidem
1131 712 1150 767 5

102 800 255 876 potuerim,
269 798 368 855 videar
382 796 412 854 id
426 795 578 872 cogitdsse.

142 878 234 937 Nunc
253 894 408 954 persequar
428 884 551 932 caetera:
571 890 640 930 nam
661 870 789 931 occurrit
809 869 897 928 illud:
917 889 954 929 ne
975 870 1097 929 Clodius

103 958 221 1033 quidem
241 958 279 1016 de
299 954 413 1013 insidiis
433 952 580 1030 cogitavit,
594 950 730 1026 qnoniam
744 950 798 1008 fuit
810 950 841 1007 in
855 948 970 1007 Albano
982 968 1098 1008 mansu·

104 1055 164 1107 rus,
178 1036 322 1111 siqnidem
338 1033 468 1091 exiturus
488 1031 526 1088 ad
546 1030 656 1088 caedem
669 1049 687 1087 e
700 1029 768 1086 villa
781 1047 839 1087 non
854 1028 962 1087 luisset.
1002 1028 1098 1088 Video

105 1115 195 1186 enirn,
209 1114 302 1183 illum,
316 1112 366 1187 qui
380 1110 487 1169 dicitur
501 1110 538 1166 de
551 1109 622 1186 Cyri
635 1118 727 1167 morte
739 1108 899 1179 nuntidsse,
910 1127 968 1166 non
981 1107 1012 1165 id
1024 1128 1097 1166 nun·
1115 1112 1150 1166 10

106 1193 206 1264 titisse,
220 1192 273 1249 sed
292 1190 434 1248 Milonem
455 1188 696 1265 appropinquare:
716 1206 785 1245 nam
797 1187 867 1263 quid
880 1188 917 1245 de
935 1186 1012 1263 Cyro
1024 1208 1098 1246 nun·

108 1271 204 1342 tieret,
218 1287 304 1347 quern
324 1268 455 1340 Clodius,
475 1267 572 1326 Romal
591 1267 788 1345 proficiscens,
802 1266 957 1342 reliquerat
975 1268 1098 1326 morien·

108 1351 190 1408 teml
232 1348 297 1408 Una
310 1348 369 1406 fui:
390 1356 593 1405 testamentum
612 1346 698 1404 simul
718 1345 869 1423 obsignavi
888 1364 956 1404 cum
975 1346 1097 1406 Clodio:

110 1438 312 1487 testamentum
326 1437 421 1485 autem
434 1424 530 1503 paldrn
550 1426 669 1498 fecerat,
684 1435 714 1483 et
732 1424 814 1483 illurn
828 1425 983 1496 haeredem,
997 1434 1026 1482 et
1039 1445 1097 1500 me,

107 1507 269 1584 scripserat.
309 1506 409 1569 Quem
429 1505 522 1582 pridie
542 1505 612 1563 horai
632 1504 719 1562 tertiis
734 1504 861 1562 animam
876 1503 1020 1563 efflantem
1034 1506 1099 1564 reli·
1116 1510 1151 1564 15

107 1587 224 1663 quisset,
245 1604 313 1644 eum
342 1595 486 1644 mortuum
508 1584 647 1662 postridie
675 1584 747 1642 hori
774 1583 891 1642 decima
918 1583 1043 1660 denique
1072 1584 1101 1642 ei

106 1666 316 1724 nuntiabatnrl
435 1659 440 1668 ’

145 1744 233 1804 XIX.
268 1745 344 1823 Age,
359 1744 397 1802 sit
417 1743 458 1803 ita
477 1744 606 1803 lactum:
627 1763 692 1820 qnae
712 1762 812 1816 causa,
827 1762 880 1801 cnr
898 1741 1024 1801 Romam
1036 1762 1100 1820 pro-

106 1826 240 1901 peraretl
260 1844 313 1883 cnr
332 1825 364 1883 in
383 1834 501 1883 noctem
521 1842 553 1882 se
571 1824 753 1900 conjiceretl
773 1823 844 1898 quid
864 1822 1002 1880 afferebat
1017 1820 1100 1901 [cau-

106 1905 181 1984 sam]
207 1904 421 1963 festinationisl
451 1900 529 1979 qudd
550 1903 643 1961 haeres
662 1904 747 1961 eratl
776 1899 919 1973 Primirm,
933 1912 995 1972 erat
1016 1901 1100 1975 nihil,
1117 1912 1154 1968 m

107 2000 159 2041 cur
171 1993 321 2061 properato
333 2002 406 2060 opus
419 1991 513 2040 esset:
534 1982 650 2054 deinde,
664 1981 690 2040 si
709 1982 779 2058 quid
800 1990 886 2052 esset,
900 1980 971 2056 qnid
983 1982 1102 2039 tandem
1208 1979 1211 1984 ’

107 2072 179 2133 erat,
192 2062 269 2138 quod
288 2064 325 2131 eia
345 2072 433 2121 nocte
450 2060 588 2136 consequi
601 2070 706 2137 posset,
722 2060 867 2119 amitteret
880 2069 987 2132 antem,
1001 2060 1027 2117 si
1039 2079 1103 2138 pos·

107 2141 193 2200 tridie
213 2140 301 2199 mane
322 2141 451 2198 Romam
470 2139 617 2198 venissetl
650 2141 692 2197 At
711 2159 758 2212 ue,
772 2150 805 2198 ut
825 2139 867 2199 illi
887 2149 1047 2197 nocturnus
1065 2139 1102 2198 ad

107 2220 218 2279 Urbem
240 2220 381 2277 adrentus
393 2218 528 2276 vitandus
546 2216 642 2295 potiris
662 2239 702 2296 qu
769 2219 946 2296 expetendus
965 2218 1037 2290 suit3
1059 2219 1103 2277 sic
1173 2238 1178 2247 ·

108 2298 225 2369 Miloni,
240 2295 309 2357 cum
323 2298 473 2356 insidiator
488 2308 573 2370 esset,
587 2298 612 2355 si
626 2298 708 2356 illum
722 2299 759 2356 ad
779 2299 889 2357 Urbem
901 2308 990 2356 noctu
1004 2317 1103 2357 acces-
1118 2305 1155 2360 25

108 2397 209 2436 surum
223 2377 344 2450 sciebat,
359 2376 567 2436 subsidendum
582 2387 667 2453 atque
681 2379 906 2454 exspectandum
920 2376 982 2436 suit.
1023 2377 1102 2437 Noc·

108 2467 151 2529 tn,
165 2457 306 2517 invidioso
325 2467 355 2515 et
373 2456 459 2534 pleno
478 2455 622 2518 latronum
643 2457 673 2514 in
693 2455 767 2529 loco,
780 2457 952 2516 occidisset:
973 2476 1059 2516 nemo
1072 2457 1100 2515 ei

108 2538 228 2614 neganti
241 2556 300 2595 non
313 2535 493 2607 credidisset,
508 2555 595 2613 quem
608 2555 672 2594 esse
685 2556 787 2595 omnes
799 2537 920 2608 salvum,
931 2538 1019 2596 etiam
1033 2557 1100 2596 con·

107 2616 247 2689 fatentem,
262 2616 368 2675 volunt.
411 2614 603 2674 Sustinuisset
623 2616 680 2675 hoc
700 2616 811 2676 crimen
830 2613 955 2693 primurn
976 2618 1036 2694 ipse
1051 2617 1100 2676 ille

108 2695 251 2756 latronum
271 2695 432 2755 occultator
453 2704 483 2753 et
505 2704 666 2773 receptator
687 2696 778 2767 locus,
802 2696 872 2754 dnm
898 2715 993 2772 neque
1019 2706 1101 2754 muta
1116 2708 1154 2764 ao
1249 2705 1252 2711 '
1333 2701 1336 2702 ⁷

108 2775 231 2835 solitudo
251 2775 419 2847 indicasset,
440 2793 534 2851 neque
558 2793 639 2834 ceca
665 2794 723 2833 nor
747 2776 919 2834 ostendisset
942 2775 1100 2834 Milonem:

109 2854 213 2914 deinde
233 2854 274 2913 ibi
294 2855 377 2914 multi
400 2855 437 2913 ab
457 2854 507 2913 illo
525 2854 634 2926 violati,
648 2854 772 2931 spoliati,
785 2854 869 2913 bonis
882 2855 1002 2932 expulsi,
1018 2855 1100 2913 multi

109 2934 196 2992 etiam
217 2936 280 2993 huc
300 2935 446 3005 timentes,
460 2933 491 2992 in
505 2935 699 3011 suspicionem
720 2935 875 3004 caderent3
896 2944 956 2992 tota
975 2935 1101 3011 denique

108 3014 315 3071 reacitaretur
336 3012 463 3071 Etruria.
505 3014 602 3090 Atque
623 3014 672 3073 illo
690 3011 843 3087 diecertd,
858 3013 962 3071 Ariola
975 3013 1101 3084 rediens,
1192 3031 1195 3034 ·

109 3091 225 3150 divertit
238 3091 359 3150 Clodius
374 3090 426 3169 [ad
439 3092 496 3172 se‚]
513 3094 549 3150 od
563 3093 721 3151 Albanum.
762 3090 865 3163 Quod,
879 3102 911 3149 ut
925 3092 1012 3164 sciret
1030 3090 1103 3150 Milo
1119 3097 1155 3153 3⁵

110 3171 192 3228 illum
212 3170 321 3228 Ariciae
341 3170 440 3242 fuisse,
460 3172 601 3247 suspicari
620 3181 719 3229 tamen
739 3171 850 3242 debuit,
871 3190 949 3242 eum,
969 3171 1057 3228 etiarn
1077 3170 1102 3229 si

108 3249 236 3308 Romam
250 3249 300 3309 illo
312 3250 361 3308 die
374 3249 478 3308 reverti
493 3250 587 3323 vellet,
603 3251 639 3308 ad
653 3250 750 3308 villam
766 3268 859 3322 suam,
874 3269 938 3325 quae
952 3250 1027 3308 riam
1041 3262 1102 3308 tan·

108 3339 199 3406 geret,
214 3328 402 3387 diuersurum.
445 3328 506 3388 Cur
526 3350 621 3406 neque
642 3327 709 3388 ante
723 3329 861 3402 occurrit,
875 3350 913 3387 ne
928 3329 976 3388 ille
990 3330 1019 3388 in
1033 3329 1101 3388 villa

109 3409 265 3479 resideret;
283 3429 343 3467 nec
361 3428 397 3467 eo
418 3408 448 3466 in
471 3409 536 3468 loco
556 3410 696 3482 subsedit,
710 3428 767 3485 quo
787 3408 836 3467 ille
856 3420 945 3468 noctu
966 3417 1101 3469 venturus

109 3490 206 3545 essetl
389 3491 393 3500 '
1117 3504 1154 3560 40

148 3566 243 3624 Video
263 3568 358 3626 adhue
379 3578 512 3626 constare
531 3568 639 3640 omnia,
651 3568 783 3645 jndices:
806 3566 910 3628 Miloni
927 3568 1015 3627 etiam
1029 3569 1101 3627 utile

109 3645 199 3704 luisse
212 3645 346 3704 Clodium
360 3647 471 3719 vivere3
493 3648 545 3720 illi,
561 3648 598 3706 ad
618 3667 654 3707 ea
673 3667 736 3724 qure
751 3649 948 3725 concupierat,
961 3647 1103 3723 optatissi-

109 3743 190 3783 mum
203 3725 350 3782 interitum
370 3725 505 3786 Milonis:
526 3727 626 3786 odium
644 3727 733 3786 fnisse
746 3728 825 3786 illins
839 3726 870 3784 in
883 3727 964 3784 hunc
978 3725 1103 3784 acerbis·

51 3807 52 3810 ’
110 3804 225 3900 simum,
240 3803 270 3861 in
290 3803 476 3940 illurpolppjus
494 3807 624 3867 nullum:
645 3806 886 3866 consuetudinem
907 3803 985 3861 illius
1003 3820 1103 3877 perpe-
