2692 4484
395 334 532 386 casuro
553 334 591 384 nr
613 336 651 384 ru.
675 331 879 384 surculum
918 312 920 316 ’
1121 335 1179 400 15'!

139 499 262 541 causam
274 498 337 539 esse
358 481 448 538 basta
461 478 596 550 Castris,
611 477 699 536 aliam
713 476 896 535 confidentia
909 486 941 536 et
960 475 1131 537 temeritatis

138 570 211 619 ture.
249 559 316 618 Non
337 559 417 616 enim
437 567 466 615 te
488 558 622 616 dominus
641 554 729 615 modd
744 555 801 613 illia
823 556 953 629 sedibus,
965 557 1017 614 sed
1039 556 1132 633 quivis

140 639 262 706 amicus,
276 637 399 709 vicinus,
413 639 526 713 hospes,
541 645 718 712 procurator,
733 634 851 693 arcebit.

179 715 262 774 XLI.
296 717 338 776 At
351 713 438 793 quam
452 716 557 774 multos
570 713 633 772 dies
646 713 677 771 in
695 713 731 771 ea
744 712 812 769 villa
825 712 989 790 turpissime
1002 722 1049 771 est
1067 731 1132 790 per·

139 794 315 853 bacchatus!
357 795 407 853 Ab
421 794 492 852 hori
505 792 591 851 tertia
602 792 765 863 bibebatur,
775 791 938 863 ludebatur,
951 791 1129 850 sumebatur.
1162 793 1181 847 5

138 872 169 930 Ο
182 883 260 931 tecta
274 873 337 949 ipsa
350 873 473 930 misera!
516 877 535 905 “
544 867 646 933 Quam
659 870 767 945 dispari
781 869 897 927 domino
909 871 936 928 l''
951 909 959 923 ·
973 913 980 927 .
996 913 1003 927 .
1019 913 1026 928 .
1040 888 1131 946 quan·

138 970 226 1026 quam
253 951 396 1026 quomodo
419 949 474 1007 iste
497 948 649 1007 dominus?
678 949 729 1004 sed
755 958 852 1005 tamen
873 945 961 1024 quam
982 966 1000 1004 a
1022 948 1130 1023 dispari

138 1027 332 1087 tenebantur!
375 1027 543 1084 Studiorum
564 1025 643 1081 enim
664 1041 780 1082 suorum
794 1024 836 1080 M.
851 1025 945 1082 Varro
957 1024 1047 1082 voluit
1066 1043 1130 1082 esse

139 1107 223 1176 illud,
241 1125 301 1163 non
322 1102 487 1174 libidinum,
508 1102 705 1158 diversorium.
742 1101 832 1163 ‘Quas
853 1101 885 1159 in
907 1101 957 1159 ‘ula
975 1101 1043 1158 villa
1065 1113 1130 1160 aute

140 1184 336 1240 dicebantnrl
364 1199 430 1254 qua
451 1179 671 1255 cogitabantur?
698 1198 762 1254 quas
786 1179 876 1237 literis
897 1179 1130 1239 mandabantur?
1146 1175 1180 1232 10

140 1260 209 1334 jura
222 1256 320 1333 populi
340 1256 478 1327 Romani,
492 1266 679 1314 monumenta
701 1256 852 1332 majorum,
866 1258 962 1315 oannis
983 1258 1130 1333 sapientia

142 1336 228 1407 ratio,
241 1334 391 1410 omnisque
413 1336 561 1393 doctrine.
602 1335 644 1391 At
656 1333 734 1406 verb,
749 1344 777 1392 te
798 1334 947 1411 inquilino,
964 1335 1131 1414 (nonenim

142 1413 276 1493 domino)
302 1413 494 1490 personabant
516 1412 615 1471 omnia
639 1412 760 1471 vocibus
786 1413 946 1472 ebrioram:
990 1415 1131 1473 natabant

141 1492 309 1569 pavimenta
332 1491 415 1549 vino:
449 1491 606 1549 madebant
628 1492 771 1567 parietes:
805 1491 925 1569 ingenui
951 1494 1035 1570 pueri
1062 1512 1130 1552 cum

141 1570 305 1642 meritoriis,
316 1581 412 1629 scorta
422 1570 496 1630 inter
507 1569 759 1638 matres-familias,
768 1572 966 1629 versabantur.
1007 1571 1130 1631 Cassian
1145 1573 1180 1628 15

141 1649 296 1707 calumum
322 1650 487 1720 veniebant,
515 1648 643 1726 Aquino,
670 1649 850 1708 Interamna,
908 1649 1063 1707 Admissus
1087 1659 1132 1708 est

141 1745 238 1785 nemo.
286 1725 358 1785 Jare
372 1728 401 1786 id
414 1729 549 1804 quidem:
569 1729 600 1786 in
614 1728 732 1786 homins
752 1727 831 1786 enim
844 1727 1011 1804 turpissimo
1022 1727 1132 1785 obsole-

143 1805 214 1863 bant
226 1806 375 1884 dignitatis
388 1807 523 1884 insignia.

183 1883 271 1957 cum,
286 1886 354 1943 inde
375 1886 502 1945 Romam
523 1884 721 1963 proficiscens,
744 1884 781 1942 ad
794 1884 943 1960 Aquinum
967 1884 1129 1958 accederet,

141 1961 257 2021 obviam
270 1963 299 2022 si
310 1965 451 2041 processit
465 1963 512 2042 (ut
525 1963 929 2043 estfrequensmunicipium)
941 1962 1130 2040 magnaeano
1143 1961 1180 2016 w

143 2042 304 2101 multitudo.
345 2045 388 2102 At
400 2044 454 2101 iste
473 2044 575 2119 operta
595 2043 703 2101 leutici
722 2044 798 2104 latus
811 2051 855 2100 est
874 2060 925 2117 per
938 2042 1087 2117 oppidum,
1099 2051 1132 2100 ut
1174 2040 1178 2046 ’

144 2130 282 2179 mortuus.
324 2120 418 2179 Stulte
440 2122 619 2196 Aquinates:
648 2122 700 2179 sed
720 2132 817 2180 tamen
839 2121 871 2180 in
884 2119 932 2177 rib
954 2118 1130 2179 habitabant.

143 2197 228 2260 Quid
251 2200 422 2276 Anagninil
452 2200 512 2275 qui,
535 2198 722 2259 clamassent
744 2200 830 2273 devii,
854 2198 1077 2270 descenderant,
1100 2210 1133 2259 ut

146 2275 243 2349 istum,
254 2287 392 2354 tanquam
402 2279 427 2336 si
437 2290 513 2337 esset
523 2281 634 2353 consul,
645 2280 811 2351 salutarent.
846 2277 1024 2336 Incredibile
1035 2278 1132 2350 dicta;

145 2364 243 2413 tamen
266 2355 340 2414 inter
362 2377 463 2416 omnes
487 2360 647 2429 constabat,
668 2359 816 2417 neminem
839 2376 904 2416 esse
925 2356 1113 2415 resalutatum
1124 2376 1132 2427 ;
1145 2357 1182 2413 25

144 2435 303 2509 praesertim
324 2434 393 2495 niun
414 2437 486 2495 dnos
507 2458 606 2496 secum
620 2438 794 2515 Anagninos
815 2437 944 2508 haberet,
967 2434 1133 2493 Mustellam

145 2522 175 2569 et
198 2511 362 2585 Laconem3
392 2535 512 2591 quorum
537 2517 607 2574 alter
630 2518 793 2594 gladiorum
819 2527 863 2573 eat
888 2514 1035 2591 princeps,
1061 2513 1133 2571 alter

144 2590 322 2666 poculorum.
355 2593 438 2655 Quid
452 2615 507 2672 ego
520 2596 583 2651 illas
594 2595 677 2653 istius
687 2596 782 2652 minas
795 2593 1041 2667 contumeliasque
1054 2610 1133 2649 com·

145 2687 313 2740 memorem,
327 2671 432 2744 quibus
452 2674 583 2730 invectus
596 2683 641 2729 est
661 2674 692 2729 in
706 2672 862 2742 Sidicinos,
875 2670 989 2727 vexavit
999 2669 1133 2728 Puteola·

145 2765 207 2817 nos,
221 2746 298 2823 qubd
319 2748 354 2805 G.
369 2747 514 2821 Cassium,
536 2748 613 2825 quod
635 2751 750 2821 Brutos,
768 2760 902 2826 patronos
926 2748 1131 2823 adoptdssentt
1144 2746 1182 2801 30

146 2843 252 2901 magno
262 2826 379 2900 quidem
390 2826 512 2903 judicio,
526 2828 631 2899 studio,
646 2827 858 2897 benevolentib,
872 2826 1009 2896 caritate;
1030 2845 1089 2884 non
1100 2836 1133 2885 ut
1246 2838 1249 2846 ’

146 2912 184 2974 te,
198 2913 230 2960 ut
243 2903 382 2975 Basilum,
392 2906 420 2963 vi
430 2917 460 2964 et
471 2908 567 2976 armis,
579 2916 609 2964 et
619 2907 691 2964 alios
702 2906 787 2964 vestri
798 2904 916 2976 similes,
927 2923 998 2980 quos
1011 2905 1134 2963 clientes

146 3000 232 3039 nemo
246 2982 443 3055 hebetarent,
458 3004 516 3042 non
530 2982 615 3042 modd
629 3004 694 3042 esse
708 2985 820 3042 illorum
835 2983 936 3041 cliens.

186 3058 285 3116 XLII.
320 3059 445 3132 Interea,
473 3064 542 3120 dnm
564 3074 594 3120 tu
617 3065 696 3134 abes,
717 3062 766 3139 qui
787 3062 850 3120 dies
871 3061 919 3118 ille
939 3061 1058 3137 collega
1076 3061 1131 3128 tui,

147 3135 215 3194 cum
230 3136 310 3207 illud,
324 3138 400 3212 quod
421 3148 451 3196 tu
465 3142 596 3208 uenerari
616 3142 738 3211 solebas,
752 3142 868 3197 bustum
889 3140 919 3196 in
943 3139 1182 3199 sozomenistas

147 3214 204 3289 quai
218 3233 249 3271 re
263 3215 316 3272 tibi
329 3216 472 3289 nuntiata,
488 3218 535 3293 (ut
544 3218 699 3277 ,constabat
708 3219 782 3277 inter
796 3237 855 3289 eos,
866 3217 916 3294 qui
929 3216 989 3275 uni
1003 3216 1133 3297 bierunt)

148 3292 311 3350 concidisti
360 3294 443 3356 Quia
464 3298 593 3355 evenerit
615 3308 726 3373 postea,
749 3297 858 3354 nescio.
910 3294 1023 3354 Metam
1047 3295 1134 3353 credo

148 3371 270 3429 valuisse
283 3382 313 3429 et
327 3390 414 3431 arina.
455 3375 606 3453 collegam
625 3377 742 3452 quidem
762 3376 799 3433 de
812 3375 887 3433 cralo
906 3373 1073 3444 detraxisti·;
1093 3373 1134 3431 ef·
1163 3393 1166 3398 ·

148 3450 307 3526 fecistique,
321 3469 380 3509 non
402 3462 434 3510 tu
446 3454 564 3528 quidem
577 3454 664 3513 etiarn
686 3474 776 3526 nunc,
790 3464 823 3512 ut
842 3453 880 3512 sit
893 3452 994 3511 similis
1015 3452 1067 3525 tui,
1081 3452 1133 3511 sed

149 3525 238 3599 certe,
252 3537 284 3586 ut
296 3529 444 3587 dissimilia
457 3542 533 3590 esset
546 3533 599 3591 sui.
1145 3532 1181 3586 to

186 3606 250 3668 Qui
270 3605 337 3665 verb
360 3609 470 3668 reditus
491 3611 560 3669 inde
581 3612 732 3671 Romami
762 3631 825 3687 quar
845 3609 1022 3687 perturbatio
1045 3609 1133 3667 totius

150 3684 247 3742 urbisl
289 3685 507 3747 Mimineramus
515 3690 642 3748 Cinnam
651 3691 738 3748 nimis
747 3700 904 3767 potentem,
914 3689 1134 3762 Sullampostea

149 3763 361 3831 dominantem
382 3765 467 3825 modd
481 3781 651 3845 regnantem
665 3770 812 3828 Caesarem
827 3768 999 3825 videramus.
1041 3763 1135 3819 Erant

150 3840 268 3900 sortasse
281 3841 381 3918 gladii,
388 3846 446 3980 lapd
468 3848 640 3919 absconditi,
654 3867 712 3907 nec
725 3849 767 3906 ita
779 3847 872 3905 multi.
914 3843 975 3901 Ista
987 3838 1056 3897 verb
1070 3854 1134 3911 qua
