2692 4484
180 308 222 366 22
449 302 586 352 ORATIO
608 302 644 353 11.
665 302 702 352 IN
724 304 756 353 1..
780 302 994 353 CATILINAM.

230 447 349 504 minimo
363 457 433 524 puto
445 445 698 522 pertimescendos,
712 444 790 522 qudd
811 455 861 504 aut
881 446 988 504 deduci
1012 448 1049 504 de
1065 450 1210 508 sententia

230 536 347 601 possunt
355 546 362 595 ;
385 536 443 595 aut,
458 525 482 581 si
495 525 714 601 permanebunt,
729 525 821 600 magis
833 525 906 582 mihi
919 525 1052 584 videntur
1066 537 1130 584 vota
1151 529 1211 587 fac·

230 604 287 661 turi
301 613 402 661 contra
414 603 631 679 rempublicam,
645 600 732 677 qudm
746 621 826 660 arma
839 603 933 661 laturi.

270 681 326 738 IX.
348 682 481 739 Alterum
495 700 587 756 genus
601 692 644 738 est
659 700 769 752 eorum,
783 681 842 756 qui,
856 701 1021 758 quanquam
1040 695 1208 760 premuntur

180 777 200 830 5
231 779 287 817 aere
308 760 411 831 alieno,
435 759 659 817 dominationem
681 771 778 816 tamen
802 771 987 836 exspectant3
1009 783 1104 821 rerum
1123 765 1208 840 potiri

230 838 345 907 volunt,
367 839 497 908 honores,
511 857 581 912 quos
594 837 692 913 quieta
706 838 853 929 republica
867 839 904 896 de
963 852 1029 912 ant,
1043 842 1207 925 perturbata

230 917 367 992 consequi
387 936 418 974 se
437 935 519 993 posse
544 915 726 974 arbitrantur.
762 859 1207 996 buibus'lfflpr'aeelpieoduffi
1267 962 1270 966 ι

230 995 352 1065 videtur,
376 1013 464 1051 unum
488 993 602 1052 scilicet
620 1004 651 1051 et
670 995 758 1066 idem,
778 995 854 1070 quod
876 998 988 1054 caeteris
1008 1000 1151 1070 omnibus,
1174 1012 1206 1057 ut

230 1074 391 1149 desperent,
411 1092 443 1130 se
469 1072 509 1143 id,
530 1072 606 1147 quod
632 1082 783 1144 conantur,
805 1076 942 1149 consequi
962 1096 1061 1151 posse:
1080 1076 1205 1154 primum

182 1169 216 1222 10
229 1152 368 1222 omnium,
388 1170 435 1209 me
456 1151 548 1228 ipsum
568 1150 698 1228 vigilare,
719 1152 829 1222 adesse,
849 1154 997 1228 providere
1024 1156 1204 1231 reipublicae:

230 1230 345 1301 deinde,
359 1249 478 1306 magnos
492 1230 602 1287 animos
615 1249 679 1288 esse
697 1230 728 1288 in
742 1230 824 1287 bouis
844 1231 921 1302 viris,
936 1251 1069 1310 magnam
1090 1254 1207 1292 concor·

230 1309 317 1379 diam,
332 1308 486 1365 maximam
499 1308 723 1379 multitudinem,
737 1327 858 1385 magnas
877 1321 1015 1384 praeterea
1028 1313 1124 1388 copias
1144 1314 1207 1370 mil·

230 1387 318 1457 itum;
340 1386 418 1444 Deos
432 1387 555 1461 denique
569 1386 744 1445 immortales
758 1388 827 1444 huie
840 1387 949 1445 invicto
960 1391 1071 1466 populo,
1083 1391 1207 1448 clarissi-
1239 1398 1243 1409 “

229 1483 277 1522 mo
289 1466 417 1541 imperio,
437 1464 636 1541 pulcherrimae
656 1465 732 1537 urbi,
753 1476 853 1523 contra
872 1476 981 1524 tantam
1001 1470 1058 1525 vim
1078 1470 1204 1540 sceleris,

182 1558 216 1610 15
229 1554 383 1619 praesentes
397 1543 535 1601 auxilium
549 1562 612 1599 esse
625 1543 741 1601 laturos.
780 1541 873 1604 Quod
886 1544 911 1600 si
921 1544 981 1619 jam
1000 1547 1057 1603 sint
1076 1548 1116 1617 id,
1129 1549 1204 1622 quod

230 1641 297 1679 oum
311 1641 422 1680 summo
436 1621 530 1679 furore
544 1621 673 1697 cupiunt,
689 1621 802 1698 adepti3
823 1641 894 1679 num
908 1622 959 1693 illi,
968 1623 998 1680 iu
1007 1624 1105 1681 cinere
1117 1626 1205 1697 urbis,
1227 1692 1229 1696 ¹

230 1710 259 1757 et
272 1702 412 1778 sanguine
426 1700 533 1759 civium
548 1698 624 1774 (quae
638 1710 735 1758 mente
749 1700 945 1758 conscelerati
960 1720 995 1758 ae
1014 1702 1124 1760 nefaria
1140 1723 1206 1761 con·

230 1779 407 1856 cupierunt),
416 1778 588 1836 seconsules
597 1796 632 1836 ac
640 1779 805 1849 dictatores,
820 1779 969 1836 autetiam
984 1799 1076 1856 reges,
1091 1791 1206 1863 sperant

230 1857 359 1915 futurosl
386 1856 454 1915 Non
474 1856 573 1914 vident
592 1857 622 1914 id
642 1875 673 1914 se
694 1875 810 1933 supere,
830 1857 905 1931 quod
925 1858 951 1914 si
971 1859 1067 1934 adepti
1088 1860 1208 1927 fuerint}

179 1946 216 2000 20
230 1936 350 2012 firgitivo
364 1936 451 1992 alicui
466 1944 514 1992 aut
527 1934 679 2011 gladiatori
693 1936 815 1993 concedi
829 1935 866 1991 sit
879 1937 1021 1994 necessel
1201 1945 1204 1953 ’
1218 1977 1224 2005 .,

269 2014 404 2072 Tertium
417 2032 509 2091 genus
518 2023 652 2071 estaetate
663 2013 723 2088 jam
733 2013 879 2085 affectum,
893 2015 944 2070 sed
955 2024 1053 2073 tamen
1067 2015 1206 2073 exercita-

229 2093 307 2151 tione
321 2094 485 2162 robustum3
505 2111 562 2169 quo
574 2110 611 2148 ex
625 2110 733 2168 genere
746 2102 791 2149 est
814 2092 874 2168 ipse
895 2091 1034 2165 Manlius,
1056 2095 1105 2152 oui
1125 2114 1205 2151 nunc

229 2171 357 2229 Catilina
370 2170 508 2229 succedit.
543 2169 585 2228 Hi
599 2181 665 2227 sunt
679 2170 810 2229 homines
823 2190 859 2228 ex
872 2171 908 2228 iis
921 2173 1040 2230 coloniis
1050 2192 1121 2247 quas
1137 2170 1205 2247 [Fe-

229 2249 312 2330 solis]
329 2250 410 2307 Sulla
424 2249 590 2319 constituit;
611 2268 683 2324 quas
697 2268 752 2327 ego
773 2249 920 2307 universas
942 2252 1049 2308 civium
1063 2270 1125 2308 esse
1134 2250 1205 2325 opti·

175 2333 215 2391 25
229 2345 349 2399 morum,
364 2337 394 2386 et
413 2328 629 2386 fortissimorum
643 2328 780 2398 virorum,
794 2329 902 2386 sentio:
923 2331 974 2387 sed
987 2340 1083 2386 tamen
1095 2329 1124 2384 hi
1137 2338 1205 2385 sunt

229 2406 332 2477 coloni,
346 2407 395 2481 qui
409 2426 450 2476 se,
464 2407 494 2464 in
509 2406 660 2482 insperatis
684 2406 896 2482 repentinisque
919 2408 1059 2481 pecuniis,
1080 2417 1205 2482 sumptu·

227 2482 306 2541 osius
320 2481 544 2558 insolentiusque
555 2484 710 2558 jactarunt.
753 2483 804 2554 Hi,
818 2484 886 2540 dum
901 2483 1053 2553 aedificant,
1068 2493 1203 2558 tanquam

228 2561 316 2632 beati,
326 2562 395 2619 dum
403 2562 526 2638 praediis,
538 2561 660 2632 lecticis,
669 2559 787 2619 familiis
800 2560 923 2636 magnis,
937 2560 1076 2618 conviviis
1089 2580 1205 2636 appara·

228 2639 275 2709 tis,
290 2639 478 2709 delectantur,
493 2639 522 2698 in
537 2650 648 2698 tantum
663 2659 702 2697 aes
717 2639 843 2696 alienum
857 2638 1030 2709 inciderunt,
1039 2649 1081 2710 ut,
1095 2640 1120 2696 si
1133 2639 1204 2698 salvi

179 2734 216 2789 30
228 2736 292 2775 esse
305 2718 402 2788 velint,
417 2717 499 2775 Sulla
511 2718 548 2775 sit
569 2718 605 2777 iis
628 2717 664 2776 ab
694 2716 794 2774 inferis
815 2717 992 2774 excitandus.
1016 2717 1096 2778 «Qui
1116 2718 1204 2775 etiam

228 2796 380 2853 nonnullos
402 2805 537 2872 agrestes,
560 2797 691 2854 homiues
711 2805 813 2852 tenues
833 2804 917 2869 atque
937 2814 1010 2870 egen
1041 2816 1064 2865 s,
1087 2796 1117 2853 in
1138 2815 1205 2854 ean·

229 2874 296 2930 dem
310 2874 388 2930 illam
401 2894 480 2950 spem
493 2875 657 2951 rapinarum
679 2884 809 2931 veterum
830 2871 1011 2947 impulerunt.
1052 2874 1137 2935 Quos
1150 2894 1204 2950 ego

228 2961 371 3028 utrosque,
379 2953 522 3025 Quirites,
537 2954 566 3011 in
581 2954 682 3011 eodem
697 2970 803 3028 genere
816 2950 955 3027 praedator
1040 2952 1205 3028 ireptorum·

227 3050 283 3106 que
296 3051 378 3107 pono.
414 3031 473 3089 Sed
486 3052 535 3090 eos
548 3033 604 3090 hoc
617 3049 736 3090 moneo:
758 3031 891 3088 desinant
905 3029 1009 3101 furere,
1020 3049 1054 3087 ac
1067 3030 1204 3107 proscrip-

178 3124 214 3178 35
227 3111 320 3168 tiones
328 3120 357 3169 et
365 3110 522 3168 dictaturas
531 3112 666 3188 cogitare.
708 3108 824 3167 Tantus
832 3108 910 3168 enim
919 3109 1031 3167 illorum
1045 3119 1203 3184 temporum

228 3189 306 3248 dolor
319 3190 432 3248 inustus
445 3200 489 3249 est
501 3189 621 3259 civitati,
634 3200 666 3247 ut
677 3188 738 3265 jam
752 3188 808 3246 ista
826 3208 883 3247 uon
897 3187 982 3247 modd
997 3187 1137 3258 homines,
1152 3187 1203 3243 sed

227 3286 264 3324 ne
277 3270 404 3342 pecudes
417 3269 533 3344 quidem
546 3268 618 3324 mihi
631 3285 757 3343 passurae
771 3287 834 3325 esse
847 3268 1005 3324 videantur.

245 3350 253 3359 ’
266 3343 305 3399 Χ.
334 3345 481 3405 Quartum
494 3364 586 3420 genus
599 3353 643 3400 est
656 3342 727 3409 sanb
742 3345 863 3413 varium,
878 3354 906 3400 et
919 3345 1049 3411 mixtum,
1064 3353 1093 3398 et
1106 3342 1204 3399 turbu·

227 3418 353 3488 lentum3
374 3422 422 3493 qui
434 3420 605 3493 jampridem
612 3430 781 3493 premuntur
790 3439 798 3487 ;
818 3419 868 3490 qui
881 3429 1201 3492 nunquamemergent;

178 3506 214 3560 4ο
228 3496 287 3571 qui,
296 3498 399 3571 partim
413 3496 526 3565 inertia,
535 3495 639 3570 partim
653 3493 729 3550 meld
738 3494 865 3569 gerendo
872 3495 996 3570 negotio,
1004 3495 1106 3570 partim
1116 3495 1203 3552 etiam

228 3575 396 3649 sumptibus,
412 3573 442 3630 in
463 3583 558 3631 vetere
580 3591 637 3629 aere
659 3571 754 3628 alieno
775 3571 926 3627 vacillant:
946 3572 1006 3646 qui,
1022 3571 1202 3645 vadimoniis,
1264 3628 1272 3645 .

233 3652 360 3729 judiciis,
373 3651 627 3728 proscriptionibus
641 3650 790 3719 bonorum,
805 3648 962 3726 defatigati,
976 3649 1109 3726 permulti
1126 3660 1202 3709 etex

228 3729 307 3790 Urbe
321 3742 398 3789 etex
412 3730 488 3807 agris
502 3750 533 3788 se
547 3729 577 3787 in
591 3729 641 3787 illa
655 3737 751 3785 castra
772 3727 902 3785 conferre
918 3728 1061 3785 dicuntur.
1104 3728 1203 3787 Hosce

229 3830 283 3889 ego
308 3830 366 3870 non
392 3819 451 3869 tam
477 3809 584 3870 milites
606 3827 697 3880 acres,
719 3804 806 3884 quam
828 3806 1001 3865 inficiatores
1022 3807 1123 3880 lentos,
1140 3825 1203 3866 esse
