<?xml version="1.0" encoding="UTF-8"?>
<!DOCTYPE html PUBLIC "-//W3C//DTD XHTML 1.0 Transitional//EN"
    "http://www.w3.org/TR/xhtml1/DTD/xhtml1-transitional.dtd">
<html xmlns="http://www.w3.org/1999/xhtml" xml:lang="en" lang="en">
 <head>
  <title>
</title>
<meta http-equiv="Content-Type" content="text/html;charset=utf-8" />
  <meta name='ocr-system' content='tesseract 3.04.00' />
  <meta name='ocr-capabilities' content='ocr_page ocr_carea ocr_par ocr_line ocrx_word'/>
</head>
<body>
  <div class='ocr_page' id='page_1' title='image "./orationesqudams02cicegoog/orationesqudams02cicegoog_0017.png"; bbox 0 0 2692 4484; ppageno 0'>
   <div class='ocr_carea' id='block_1_1' title="bbox 131 331 980 409">
    <p class='ocr_par' dir='ltr' id='par_1_1' title="bbox 131 331 980 409">
     <span class='ocr_line' id='line_1_1' title="bbox 131 331 980 409; baseline 0.011 -36"><span class='ocrx_word' id='word_1_1' title='bbox 131 334 220 409; x_wconf 42' lang='grc' dir='ltr'><strong>ἃ</strong></span> <span class='ocrx_word' id='word_1_2' title='bbox 452 331 593 381; x_wconf 79' lang='lat' dir='ltr'>ORATIO</span> <span class='ocrx_word' id='word_1_3' title='bbox 614 332 636 382; x_wconf 87' lang='lat'><strong>1.</strong></span> <span class='ocrx_word' id='word_1_4' title='bbox 657 331 697 382; x_wconf 83' lang='lat' dir='ltr'><strong>IN</strong></span> <span class='ocrx_word' id='word_1_5' title='bbox 718 332 749 381; x_wconf 80' lang='lat' dir='ltr'><strong>L.</strong></span> <span class='ocrx_word' id='word_1_6' title='bbox 767 331 980 384; x_wconf 77' lang='lat' dir='ltr'><strong>CATILINAM.</strong></span> 
     </span>
    </p>
   </div>
   <div class='ocr_carea' id='block_1_2' title="bbox 106 473 1208 3932">
    <p class='ocr_par' dir='ltr' id='par_1_2' title="bbox 106 473 1208 3932">
     <span class='ocr_line' id='line_1_2' title="bbox 231 473 1208 550; baseline 0.006 -18"><span class='ocrx_word' id='word_1_7' title='bbox 231 475 324 533; x_wconf 83' lang='lat' dir='ltr'><strong>ocuIIs</strong></span> <span class='ocrx_word' id='word_1_8' title='bbox 333 475 463 532; x_wconf 92' lang='lat' dir='ltr'><strong>omnium</strong></span> <span class='ocrx_word' id='word_1_9' title='bbox 474 473 615 550; x_wconf 83' lang='lat' dir='ltr'><strong>crinspici,</strong></span> <span class='ocrx_word' id='word_1_10' title='bbox 624 475 741 533; x_wconf 87' lang='lat' dir='ltr'><strong>mallem</strong></span> <span class='ocrx_word' id='word_1_11' title='bbox 752 494 760 532; x_wconf 76' lang='lat' dir='ltr'><strong>t</strong></span> <span class='ocrx_word' id='word_1_12' title='bbox 781 485 823 547; x_wconf 85' lang='lat' dir='ltr'><strong>tu,</strong></span> <span class='ocrx_word' id='word_1_13' title='bbox 832 474 912 547; x_wconf 76' lang='lat' dir='ltr'><strong>cium,</strong></span> <span class='ocrx_word' id='word_1_14' title='bbox 923 475 1106 534; x_wconf 72' lang='lat' dir='ltr'><strong>conscientiis</strong></span> <span class='ocrx_word' id='word_1_15' title='bbox 1117 481 1208 537; x_wconf 88' lang='lat' dir='ltr'><strong>scele-</strong></span> 
     </span>
     <span class='ocr_line' id='line_1_3' title="bbox 230 553 1206 631; baseline 0.005 -21"><span class='ocrx_word' id='word_1_16' title='bbox 230 572 293 610; x_wconf 91' lang='lat' dir='ltr'><strong>rum</strong></span> <span class='ocrx_word' id='word_1_17' title='bbox 309 566 432 623; x_wconf 90' lang='lat' dir='ltr'><strong>tuorum,</strong></span> <span class='ocrx_word' id='word_1_18' title='bbox 444 571 585 630; x_wconf 74' lang='lat' dir='ltr'><strong>agnoscas</strong></span> <span class='ocrx_word' id='word_1_19' title='bbox 596 553 695 611; x_wconf 89' lang='lat' dir='ltr'><strong>odium</strong></span> <span class='ocrx_word' id='word_1_20' title='bbox 709 555 839 612; x_wconf 89' lang='lat' dir='ltr'><strong>omnium</strong></span> <span class='ocrx_word' id='word_1_21' title='bbox 850 555 970 630; x_wconf 85' lang='lat' dir='ltr'><strong>justum,</strong></span> <span class='ocrx_word' id='word_1_22' title='bbox 983 565 1013 613; x_wconf 88' lang='lat' dir='ltr'><strong>et</strong></span> <span class='ocrx_word' id='word_1_23' title='bbox 1024 556 1083 631; x_wconf 87' lang='lat' dir='ltr'><strong>jam</strong></span> <span class='ocrx_word' id='word_1_24' title='bbox 1093 558 1144 614; x_wconf 90' lang='lat' dir='ltr'><strong>tibi</strong></span> <span class='ocrx_word' id='word_1_25' title='bbox 1156 558 1206 615; x_wconf 90' lang='lat' dir='ltr'><strong>diu</strong></span> 
     </span>
     <span class='ocr_line' id='line_1_4' title="bbox 231 631 1206 709; baseline 0.004 -20"><span class='ocrx_word' id='word_1_26' title='bbox 231 632 370 702; x_wconf 90' lang='lat' dir='ltr'><strong>debitum,</strong></span> <span class='ocrx_word' id='word_1_27' title='bbox 384 631 508 702; x_wconf 83' lang='lat' dir='ltr'><strong>dubitas,</strong></span> <span class='ocrx_word' id='word_1_28' title='bbox 522 650 641 707; x_wconf 91' lang='lat' dir='ltr'><strong>quorum</strong></span> <span class='ocrx_word' id='word_1_29' title='bbox 656 647 768 691; x_wconf 90' lang='lat' dir='ltr'><strong>mentes</strong></span> <span class='ocrx_word' id='word_1_30' title='bbox 781 653 940 709; x_wconf 78' lang='lat' dir='ltr'><strong>sensusque</strong></span> <span class='ocrx_word' id='word_1_31' title='bbox 954 635 1096 705; x_wconf 78' lang='lat' dir='ltr'><strong>vulneras,</strong></span> <span class='ocrx_word' id='word_1_32' title='bbox 1106 655 1206 693; x_wconf 91' lang='lat' dir='ltr'><strong>eorum</strong></span> 
     </span>
     <span class='ocr_line' id='line_1_5' title="bbox 231 712 1207 789; baseline 0.006 -22"><span class='ocrx_word' id='word_1_33' title='bbox 231 712 398 786; x_wconf 78' lang='lat' dir='ltr'><strong>adspectum</strong></span> <span class='ocrx_word' id='word_1_34' title='bbox 418 712 655 785; x_wconf 83' lang='lat' dir='ltr'><strong>praesentiamque</strong></span> <span class='ocrx_word' id='word_1_35' title='bbox 668 712 778 769; x_wconf 84' lang='lat' dir='ltr'><strong>vitaret</strong></span> <span class='ocrx_word' id='word_1_36' title='bbox 819 712 852 768; x_wconf 87' lang='lat' dir='ltr'><strong>Si</strong></span> <span class='ocrx_word' id='word_1_37' title='bbox 876 724 905 769; x_wconf 89' lang='lat' dir='ltr'><strong>te</strong></span> <span class='ocrx_word' id='word_1_38' title='bbox 925 726 1059 789; x_wconf 87' lang='lat' dir='ltr'><strong>parentes</strong></span> <span class='ocrx_word' id='word_1_39' title='bbox 1073 715 1207 773; x_wconf 87' lang='lat' dir='ltr'><strong>timerent</strong></span> 
     </span>
     <span class='ocr_line' id='line_1_6' title="bbox 195 790 1207 868; baseline 0.003 -21"><span class='ocrx_word' id='word_1_40' title='bbox 195 800 213 853; x_wconf 86' lang='lat'>5</span> <span class='ocrx_word' id='word_1_41' title='bbox 232 799 316 865; x_wconf 88' lang='lat' dir='ltr'><strong>atque</strong></span> <span class='ocrx_word' id='word_1_42' title='bbox 328 790 456 849; x_wconf 86' lang='lat' dir='ltr'><strong>odissent</strong></span> <span class='ocrx_word' id='word_1_43' title='bbox 469 790 520 858; x_wconf 90' lang='lat' dir='ltr'><strong>tui,</strong></span> <span class='ocrx_word' id='word_1_44' title='bbox 535 807 627 864; x_wconf 88' lang='lat' dir='ltr'><strong>neque</strong></span> <span class='ocrx_word' id='word_1_45' title='bbox 641 807 691 846; x_wconf 92' lang='lat' dir='ltr'><strong>eos</strong></span> <span class='ocrx_word' id='word_1_46' title='bbox 704 790 763 846; x_wconf 77' lang='lat' dir='ltr'><strong>ulla</strong></span> <span class='ocrx_word' id='word_1_47' title='bbox 777 790 886 848; x_wconf 88' lang='lat' dir='ltr'><strong>ratione</strong></span> <span class='ocrx_word' id='word_1_48' title='bbox 906 791 1023 867; x_wconf 88' lang='lat' dir='ltr'><strong>placare</strong></span> <span class='ocrx_word' id='word_1_49' title='bbox 1037 812 1153 868; x_wconf 84' lang='lat' dir='ltr'><strong>posses3</strong></span> <span class='ocrx_word' id='word_1_50' title='bbox 1175 803 1207 850; x_wconf 87' lang='lat' dir='ltr'><strong>ut</strong></span> 
     </span>
     <span class='ocr_line' id='line_1_7' title="bbox 230 866 1205 947; baseline 0.002 -21"><span class='ocrx_word' id='word_1_51' title='bbox 230 869 340 944; x_wconf 81' lang='lat' dir='ltr'><strong>opinor,</strong></span> <span class='ocrx_word' id='word_1_52' title='bbox 355 867 392 925; x_wconf 94' lang='lat' dir='ltr'><strong>ab</strong></span> <span class='ocrx_word' id='word_1_53' title='bbox 402 886 501 924; x_wconf 91' lang='lat' dir='ltr'><strong>eorum</strong></span> <span class='ocrx_word' id='word_1_54' title='bbox 521 867 614 924; x_wconf 92' lang='lat' dir='ltr'><strong>oculis</strong></span> <span class='ocrx_word' id='word_1_55' title='bbox 635 866 731 943; x_wconf 83' lang='lat' dir='ltr'><strong>aliqud</strong></span> <span class='ocrx_word' id='word_1_56' title='bbox 753 870 946 927; x_wconf 76' lang='lat' dir='ltr'><strong>concederes:</strong></span> <span class='ocrx_word' id='word_1_57' title='bbox 968 889 1048 928; x_wconf 90' lang='lat' dir='ltr'><strong>nunc</strong></span> <span class='ocrx_word' id='word_1_58' title='bbox 1061 882 1089 928; x_wconf 92' lang='lat' dir='ltr'><strong>te</strong></span> <span class='ocrx_word' id='word_1_59' title='bbox 1103 871 1205 947; x_wconf 90' lang='lat' dir='ltr'><strong>patria,</strong></span> 
     </span>
     <span class='ocr_line' id='line_1_8' title="bbox 230 944 1205 1023; baseline 0.003 -19"><span class='ocrx_word' id='word_1_60' title='bbox 230 966 293 1021; x_wconf 78' lang='lat' dir='ltr'><strong>que</strong></span> <span class='ocrx_word' id='word_1_61' title='bbox 307 944 468 1004; x_wconf 89' lang='lat' dir='ltr'><strong>communis</strong></span> <span class='ocrx_word' id='word_1_62' title='bbox 481 954 525 1001; x_wconf 90' lang='lat' dir='ltr'><strong>est</strong></span> <span class='ocrx_word' id='word_1_63' title='bbox 537 945 666 1002; x_wconf 89' lang='lat' dir='ltr'><strong>omnium</strong></span> <span class='ocrx_word' id='word_1_64' title='bbox 681 947 809 1005; x_wconf 81' lang='lat' dir='ltr'><strong>nostrirrn</strong></span> <span class='ocrx_word' id='word_1_65' title='bbox 824 966 938 1023; x_wconf 89' lang='lat' dir='ltr'><strong>parens,</strong></span> <span class='ocrx_word' id='word_1_66' title='bbox 952 949 1014 1007; x_wconf 88' lang='lat' dir='ltr'><strong>odit</strong></span> <span class='ocrx_word' id='word_1_67' title='bbox 1036 967 1072 1005; x_wconf 85' lang='lat' dir='ltr'><strong>ac</strong></span> <span class='ocrx_word' id='word_1_68' title='bbox 1093 949 1205 1021; x_wconf 89' lang='lat' dir='ltr'><strong>metuit,</strong></span> 
     </span>
     <span class='ocr_line' id='line_1_9' title="bbox 229 1023 1204 1104; baseline 0.002 -22"><span class='ocrx_word' id='word_1_69' title='bbox 229 1036 259 1081; x_wconf 90' lang='lat' dir='ltr'><strong>et</strong></span> <span class='ocrx_word' id='word_1_70' title='bbox 270 1023 381 1099; x_wconf 85' lang='lat' dir='ltr'><strong>jamdiu</strong></span> <span class='ocrx_word' id='word_1_71' title='bbox 395 1024 431 1080; x_wconf 93' lang='lat' dir='ltr'><strong>de</strong></span> <span class='ocrx_word' id='word_1_72' title='bbox 445 1034 474 1080; x_wconf 88' lang='lat' dir='ltr'><strong>te</strong></span> <span class='ocrx_word' id='word_1_73' title='bbox 489 1023 560 1080; x_wconf 89' lang='lat' dir='ltr'><strong>nibil</strong></span> <span class='ocrx_word' id='word_1_74' title='bbox 572 1023 694 1098; x_wconf 85' lang='lat' dir='ltr'><strong>judicat,</strong></span> <span class='ocrx_word' id='word_1_75' title='bbox 709 1025 765 1082; x_wconf 89' lang='lat' dir='ltr'><strong>nisi</strong></span> <span class='ocrx_word' id='word_1_76' title='bbox 779 1026 815 1083; x_wconf 91' lang='lat' dir='ltr'><strong>de</strong></span> <span class='ocrx_word' id='word_1_77' title='bbox 828 1027 983 1102; x_wconf 88' lang='lat' dir='ltr'><strong>parricidio</strong></span> <span class='ocrx_word' id='word_1_78' title='bbox 1002 1047 1054 1084; x_wconf 91' lang='lat' dir='ltr'><strong>suo</strong></span> <span class='ocrx_word' id='word_1_79' title='bbox 1068 1029 1204 1104; x_wconf 83' lang='lat' dir='ltr'><strong>cogitare.</strong></span> 
     </span>
     <span class='ocr_line' id='line_1_10' title="bbox 230 1101 1206 1181; baseline 0.006 -23"><span class='ocrx_word' id='word_1_80' title='bbox 230 1101 326 1178; x_wconf 85' lang='lat' dir='ltr'><strong>Hujus</strong></span> <span class='ocrx_word' id='word_1_81' title='bbox 349 1114 380 1159; x_wconf 89' lang='lat' dir='ltr'><strong>tu</strong></span> <span class='ocrx_word' id='word_1_82' title='bbox 404 1120 498 1177; x_wconf 91' lang='lat' dir='ltr'><strong>neque</strong></span> <span class='ocrx_word' id='word_1_83' title='bbox 521 1102 721 1160; x_wconf 90' lang='lat' dir='ltr'><strong>auctoritatem</strong></span> <span class='ocrx_word' id='word_1_84' title='bbox 741 1106 886 1175; x_wconf 83' lang='lat' dir='ltr'><strong>verebere,</strong></span> <span class='ocrx_word' id='word_1_85' title='bbox 901 1125 994 1180; x_wconf 90' lang='lat' dir='ltr'><strong>neque</strong></span> <span class='ocrx_word' id='word_1_86' title='bbox 1005 1105 1148 1181; x_wconf 90' lang='lat' dir='ltr'><strong>judicium</strong></span> <span class='ocrx_word' id='word_1_87' title='bbox 1162 1125 1206 1164; x_wconf 87' lang='lat' dir='ltr'><strong>se-</strong></span> 
     </span>
     <span class='ocr_line' id='line_1_11' title="bbox 178 1180 1205 1255; baseline 0.002 -15"><span class='ocrx_word' id='word_1_88' title='bbox 178 1187 212 1240; x_wconf 90' lang='lat'><strong>10</strong></span> <span class='ocrx_word' id='word_1_89' title='bbox 229 1199 326 1255; x_wconf 91' lang='lat' dir='ltr'><strong>quere,</strong></span> <span class='ocrx_word' id='word_1_90' title='bbox 340 1199 433 1255; x_wconf 90' lang='lat' dir='ltr'><strong>neque</strong></span> <span class='ocrx_word' id='word_1_91' title='bbox 446 1182 504 1236; x_wconf 90' lang='lat' dir='ltr'><strong>vim</strong></span> <span class='ocrx_word' id='word_1_92' title='bbox 527 1180 738 1255; x_wconf 69' lang='lat' dir='ltr'><strong>pertimesces?</strong></span> <span class='ocrx_word' id='word_1_93' title='bbox 778 1183 856 1244; x_wconf 75' lang='lat' dir='ltr'><strong>Quae</strong></span> <span class='ocrx_word' id='word_1_94' title='bbox 878 1195 984 1254; x_wconf 87' lang='lat' dir='ltr'><strong>tecum,</strong></span> <span class='ocrx_word' id='word_1_95' title='bbox 1004 1184 1140 1255; x_wconf 85' lang='lat' dir='ltr'><strong>Catilina,</strong></span> <span class='ocrx_word' id='word_1_96' title='bbox 1161 1184 1205 1242; x_wconf 85' lang='lat' dir='ltr'><strong>sio</strong></span> 
     </span>
     <span class='ocr_line' id='line_1_12' title="bbox 230 1258 1205 1338; baseline 0.004 -22"><span class='ocrx_word' id='word_1_97' title='bbox 230 1260 298 1336; x_wconf 78' lang='lat' dir='ltr'><strong>agit,</strong></span> <span class='ocrx_word' id='word_1_98' title='bbox 307 1269 336 1316; x_wconf 90' lang='lat' dir='ltr'><strong>et</strong></span> <span class='ocrx_word' id='word_1_99' title='bbox 344 1259 553 1334; x_wconf 86' lang='lat' dir='ltr'><strong>quodammodo</strong></span> <span class='ocrx_word' id='word_1_100' title='bbox 561 1258 649 1317; x_wconf 83' lang='lat' dir='ltr'><strong>tacita</strong></span> <span class='ocrx_word' id='word_1_101' title='bbox 657 1259 795 1336; x_wconf 90' lang='lat' dir='ltr'><strong>loquitur:</strong></span> <span class='ocrx_word' id='word_1_102' title='bbox 808 1261 966 1334; x_wconf 86' lang='lat' dir='ltr'><strong>“Nullum,</strong></span> <span class='ocrx_word' id='word_1_103' title='bbox 976 1263 1081 1337; x_wconf 88' lang='lat' dir='ltr'><strong>aliquot</strong></span> <span class='ocrx_word' id='word_1_104' title='bbox 1086 1262 1145 1338; x_wconf 84' lang='lat' dir='ltr'><strong>jam</strong></span> <span class='ocrx_word' id='word_1_105' title='bbox 1156 1281 1205 1320; x_wconf 87' lang='lat' dir='ltr'><strong>an·</strong></span> 
     </span>
     <span class='ocr_line' id='line_1_13' title="bbox 229 1337 1204 1417; baseline 0.004 -22"><span class='ocrx_word' id='word_1_106' title='bbox 229 1338 285 1408; x_wconf 89' lang='lat' dir='ltr'><strong>nis,</strong></span> <span class='ocrx_word' id='word_1_107' title='bbox 297 1338 410 1396; x_wconf 78' lang='lat' dir='ltr'><strong>lacinus</strong></span> <span class='ocrx_word' id='word_1_108' title='bbox 423 1337 541 1407; x_wconf 86' lang='lat' dir='ltr'><strong>exstitit,</strong></span> <span class='ocrx_word' id='word_1_109' title='bbox 556 1337 612 1394; x_wconf 90' lang='lat' dir='ltr'><strong>nisi</strong></span> <span class='ocrx_word' id='word_1_110' title='bbox 623 1357 673 1414; x_wconf 86' lang='lat' dir='ltr'><strong>per</strong></span> <span class='ocrx_word' id='word_1_111' title='bbox 684 1349 731 1409; x_wconf 86' lang='lat' dir='ltr'><strong>te;</strong></span> <span class='ocrx_word' id='word_1_112' title='bbox 746 1340 857 1398; x_wconf 90' lang='lat' dir='ltr'><strong>nullum</strong></span> <span class='ocrx_word' id='word_1_113' title='bbox 868 1341 1009 1417; x_wconf 86' lang='lat' dir='ltr'><strong>flagitium</strong></span> <span class='ocrx_word' id='word_1_114' title='bbox 1021 1342 1137 1398; x_wconf 88' lang='lat' dir='ltr'><strong>sinete:</strong></span> <span class='ocrx_word' id='word_1_115' title='bbox 1151 1341 1204 1399; x_wconf 92' lang='lat' dir='ltr'><strong>tibi</strong></span> 
     </span>
     <span class='ocr_line' id='line_1_14' title="bbox 229 1416 1204 1495; baseline 0.002 -21"><span class='ocrx_word' id='word_1_116' title='bbox 229 1416 280 1474; x_wconf 88' lang='lat' dir='ltr'><strong>uni</strong></span> <span class='ocrx_word' id='word_1_117' title='bbox 292 1417 443 1475; x_wconf 88' lang='lat' dir='ltr'><strong>multorum</strong></span> <span class='ocrx_word' id='word_1_118' title='bbox 455 1416 561 1474; x_wconf 89' lang='lat' dir='ltr'><strong>civium</strong></span> <span class='ocrx_word' id='word_1_119' title='bbox 572 1435 670 1487; x_wconf 86' lang='lat' dir='ltr'><strong>neces,</strong></span> <span class='ocrx_word' id='word_1_120' title='bbox 679 1418 733 1475; x_wconf 89' lang='lat' dir='ltr'><strong>tibi</strong></span> <span class='ocrx_word' id='word_1_121' title='bbox 744 1420 857 1477; x_wconf 80' lang='lat' dir='ltr'><strong>vexatio</strong></span> <span class='ocrx_word' id='word_1_122' title='bbox 870 1419 1048 1495; x_wconf 89' lang='lat' dir='ltr'><strong>direptioque</strong></span> <span class='ocrx_word' id='word_1_123' title='bbox 1062 1419 1204 1478; x_wconf 88' lang='lat' dir='ltr'><strong>sociorum</strong></span> 
     </span>
     <span class='ocr_line' id='line_1_15' title="bbox 230 1495 1205 1576; baseline 0.002 -23"><span class='ocrx_word' id='word_1_124' title='bbox 230 1495 370 1571; x_wconf 90' lang='lat' dir='ltr'><strong>impunita</strong></span> <span class='ocrx_word' id='word_1_125' title='bbox 384 1495 438 1552; x_wconf 84' lang='lat' dir='ltr'><strong>fuit</strong></span> <span class='ocrx_word' id='word_1_126' title='bbox 451 1513 486 1551; x_wconf 89' lang='lat' dir='ltr'><strong>ac</strong></span> <span class='ocrx_word' id='word_1_127' title='bbox 499 1495 606 1552; x_wconf 88' lang='lat' dir='ltr'><strong>libera:</strong></span> <span class='ocrx_word' id='word_1_128' title='bbox 628 1505 670 1569; x_wconf 77' lang='lat' dir='ltr'><strong>tu,</strong></span> <span class='ocrx_word' id='word_1_129' title='bbox 686 1515 743 1554; x_wconf 90' lang='lat' dir='ltr'><strong>non</strong></span> <span class='ocrx_word' id='word_1_130' title='bbox 758 1496 850 1556; x_wconf 81' lang='lat' dir='ltr'><strong>solbm</strong></span> <span class='ocrx_word' id='word_1_131' title='bbox 866 1498 902 1554; x_wconf 88' lang='lat' dir='ltr'><strong>ad</strong></span> <span class='ocrx_word' id='word_1_132' title='bbox 922 1499 1113 1576; x_wconf 80' lang='lat' dir='ltr'><strong>negligendas</strong></span> <span class='ocrx_word' id='word_1_133' title='bbox 1125 1499 1205 1574; x_wconf 85' lang='lat' dir='ltr'><strong>leges</strong></span> 
     </span>
     <span class='ocr_line' id='line_1_16' title="bbox 178 1570 1205 1653; baseline 0.004 -23"><span class='ocrx_word' id='word_1_134' title='bbox 178 1572 212 1630; x_wconf 88' lang='lat'><strong>15</strong></span> <span class='ocrx_word' id='word_1_135' title='bbox 228 1586 258 1632; x_wconf 93' lang='lat' dir='ltr'><strong>et</strong></span> <span class='ocrx_word' id='word_1_136' title='bbox 270 1574 451 1650; x_wconf 78' lang='lat' dir='ltr'><strong>questiones,</strong></span> <span class='ocrx_word' id='word_1_137' title='bbox 467 1570 564 1631; x_wconf 78' lang='lat' dir='ltr'><strong>verbm</strong></span> <span class='ocrx_word' id='word_1_138' title='bbox 579 1572 667 1631; x_wconf 87' lang='lat' dir='ltr'><strong>etiam</strong></span> <span class='ocrx_word' id='word_1_139' title='bbox 690 1576 726 1632; x_wconf 93' lang='lat' dir='ltr'><strong>ad</strong></span> <span class='ocrx_word' id='word_1_140' title='bbox 740 1577 908 1634; x_wconf 85' lang='lat' dir='ltr'><strong>evertendas</strong></span> <span class='ocrx_word' id='word_1_141' title='bbox 921 1576 1205 1653; x_wconf 83' lang='lat' dir='ltr'><strong>perfringendasque,</strong></span> 
     </span>
     <span class='ocr_line' id='line_1_17' title="bbox 229 1652 1203 1729; baseline 0.003 -19"><span class='ocrx_word' id='word_1_142' title='bbox 229 1653 351 1711; x_wconf 89' lang='lat' dir='ltr'><strong>valuisti.</strong></span> <span class='ocrx_word' id='word_1_143' title='bbox 368 1652 521 1729; x_wconf 80' lang='lat' dir='ltr'><strong>Superiora</strong></span> <span class='ocrx_word' id='word_1_144' title='bbox 530 1652 588 1724; x_wconf 88' lang='lat' dir='ltr'><strong>illa,</strong></span> <span class='ocrx_word' id='word_1_145' title='bbox 597 1671 762 1728; x_wconf 87' lang='lat' dir='ltr'><strong>quanquam</strong></span> <span class='ocrx_word' id='word_1_146' title='bbox 769 1655 953 1713; x_wconf 84' lang='lat' dir='ltr'><strong>ferendanon</strong></span> <span class='ocrx_word' id='word_1_147' title='bbox 964 1656 1088 1721; x_wconf 86' lang='lat' dir='ltr'><strong>suerunt,</strong></span> <span class='ocrx_word' id='word_1_148' title='bbox 1095 1665 1203 1727; x_wconf 88' lang='lat' dir='ltr'><strong>tamen,</strong></span> 
     </span>
     <span class='ocr_line' id='line_1_18' title="bbox 229 1728 1204 1810; baseline 0.001 -21"><span class='ocrx_word' id='word_1_149' title='bbox 229 1745 260 1790; x_wconf 91' lang='lat' dir='ltr'><strong>ut</strong></span> <span class='ocrx_word' id='word_1_150' title='bbox 273 1732 362 1808; x_wconf 90' lang='lat' dir='ltr'><strong>potui,</strong></span> <span class='ocrx_word' id='word_1_151' title='bbox 376 1731 445 1789; x_wconf 88' lang='lat' dir='ltr'><strong>tuli:</strong></span> <span class='ocrx_word' id='word_1_152' title='bbox 466 1744 546 1789; x_wconf 90' lang='lat' dir='ltr'><strong>nunc</strong></span> <span class='ocrx_word' id='word_1_153' title='bbox 560 1728 627 1789; x_wconf 79' lang='lat' dir='ltr'><strong>verb</strong></span> <span class='ocrx_word' id='word_1_154' title='bbox 642 1751 688 1789; x_wconf 89' lang='lat' dir='ltr'><strong>me</strong></span> <span class='ocrx_word' id='word_1_155' title='bbox 708 1743 798 1791; x_wconf 88' lang='lat' dir='ltr'><strong>totam</strong></span> <span class='ocrx_word' id='word_1_156' title='bbox 812 1734 919 1791; x_wconf 84' lang='lat' dir='ltr'><strong>esse&#39;in</strong></span> <span class='ocrx_word' id='word_1_157' title='bbox 942 1745 1020 1792; x_wconf 89' lang='lat' dir='ltr'><strong>metu</strong></span> <span class='ocrx_word' id='word_1_158' title='bbox 1040 1743 1155 1810; x_wconf 91' lang='lat' dir='ltr'><strong>propter</strong></span> <span class='ocrx_word' id='word_1_159' title='bbox 1176 1745 1204 1791; x_wconf 87' lang='lat' dir='ltr'><strong>te</strong></span> 
     </span>
     <span class='ocr_line' id='line_1_19' title="bbox 230 1809 1203 1897; baseline 0.002 -29"><span class='ocrx_word' id='word_1_160' title='bbox 230 1830 335 1881; x_wconf 91' lang='lat' dir='ltr'><strong>unum;</strong></span> <span class='ocrx_word' id='word_1_161' title='bbox 356 1809 494 1897; x_wconf 91' lang='lat' dir='ltr'><strong>quidquid</strong></span> <span class='ocrx_word' id='word_1_162' title='bbox 503 1809 689 1886; x_wconf 90' lang='lat' dir='ltr'><strong>increpuerit,</strong></span> <span class='ocrx_word' id='word_1_163' title='bbox 699 1811 856 1871; x_wconf 85' lang='lat' dir='ltr'><strong>Catilinam</strong></span> <span class='ocrx_word' id='word_1_164' title='bbox 865 1812 959 1870; x_wconf 89' lang='lat' dir='ltr'><strong>timeri</strong></span> <span class='ocrx_word' id='word_1_165' title='bbox 968 1833 975 1882; x_wconf 93' lang='lat'>;</span> <span class='ocrx_word' id='word_1_166' title='bbox 991 1812 1102 1871; x_wconf 89' lang='lat' dir='ltr'><strong>nullum</strong></span> <span class='ocrx_word' id='word_1_167' title='bbox 1114 1812 1203 1870; x_wconf 88' lang='lat' dir='ltr'><strong>videri</strong></span> 
     </span>
     <span class='ocr_line' id='line_1_20' title="bbox 229 1888 1204 1965; baseline 0.001 -18"><span class='ocrx_word' id='word_1_168' title='bbox 229 1901 330 1947; x_wconf 86' lang='lat' dir='ltr'><strong>contra</strong></span> <span class='ocrx_word' id='word_1_169' title='bbox 340 1906 387 1955; x_wconf 82' lang='lat' dir='ltr'><strong>me</strong></span> <span class='ocrx_word' id='word_1_170' title='bbox 401 1888 553 1946; x_wconf 89' lang='lat' dir='ltr'><strong>consilium</strong></span> <span class='ocrx_word' id='word_1_171' title='bbox 567 1888 634 1945; x_wconf 91' lang='lat' dir='ltr'><strong>iniri</strong></span> <span class='ocrx_word' id='word_1_172' title='bbox 657 1908 751 1964; x_wconf 88' lang='lat' dir='ltr'><strong>posse,</strong></span> <span class='ocrx_word' id='word_1_173' title='bbox 772 1892 848 1965; x_wconf 93' lang='lat' dir='ltr'><strong>quod</strong></span> <span class='ocrx_word' id='word_1_174' title='bbox 873 1911 890 1948; x_wconf 88' lang='lat' dir='ltr'><strong>a</strong></span> <span class='ocrx_word' id='word_1_175' title='bbox 913 1901 964 1950; x_wconf 90' lang='lat' dir='ltr'><strong>tuo</strong></span> <span class='ocrx_word' id='word_1_176' title='bbox 976 1892 1087 1949; x_wconf 88' lang='lat' dir='ltr'><strong>scelere</strong></span> <span class='ocrx_word' id='word_1_177' title='bbox 1102 1890 1204 1948; x_wconf 89' lang='lat' dir='ltr'><strong>abhor-</strong></span> 
     </span>
     <span class='ocr_line' id='line_1_21' title="bbox 175 1967 1204 2059; baseline 0.001 -34"><span class='ocrx_word' id='word_1_178' title='bbox 175 1971 212 2025; x_wconf 71' lang='lat'><strong>20</strong></span> <span class='ocrx_word' id='word_1_179' title='bbox 229 1979 306 2039; x_wconf 89' lang='lat' dir='ltr'><strong>reat;</strong></span> <span class='ocrx_word' id='word_1_180' title='bbox 321 1988 385 2059; x_wconf 81' lang='lat' dir='ltr'><strong>pon</strong></span> <span class='ocrx_word' id='word_1_181' title='bbox 399 1979 444 2026; x_wconf 89' lang='lat' dir='ltr'><strong>est</strong></span> <span class='ocrx_word' id='word_1_182' title='bbox 458 1967 615 2025; x_wconf 88' lang='lat' dir='ltr'><strong>ferendum.</strong></span> <span class='ocrx_word' id='word_1_183' title='bbox 656 1968 866 2037; x_wconf 79' lang='lat' dir='ltr'><strong>Quamobrem,</strong></span> <span class='ocrx_word' id='word_1_184' title='bbox 881 1969 1010 2040; x_wconf 89' lang='lat' dir='ltr'><strong>discede,</strong></span> <span class='ocrx_word' id='word_1_185' title='bbox 1026 1980 1110 2045; x_wconf 89' lang='lat' dir='ltr'><strong>atque</strong></span> <span class='ocrx_word' id='word_1_186' title='bbox 1124 1970 1204 2027; x_wconf 89' lang='lat' dir='ltr'><strong>hunc</strong></span> 
     </span>
     <span class='ocr_line' id='line_1_22' title="bbox 227 2045 1204 2126; baseline 0 -22"><span class='ocrx_word' id='word_1_187' title='bbox 227 2047 299 2105; x_wconf 88' lang='lat' dir='ltr'><strong>mibi</strong></span> <span class='ocrx_word' id='word_1_188' title='bbox 310 2057 441 2106; x_wconf 78' lang='lat' dir='ltr'><strong>timorem</strong></span> <span class='ocrx_word' id='word_1_189' title='bbox 454 2046 552 2122; x_wconf 82' lang='lat' dir='ltr'><strong>eripe3</strong></span> <span class='ocrx_word' id='word_1_190' title='bbox 573 2045 598 2104; x_wconf 92' lang='lat' dir='ltr'><strong>si</strong></span> <span class='ocrx_word' id='word_1_191' title='bbox 611 2056 655 2104; x_wconf 89' lang='lat' dir='ltr'><strong>est</strong></span> <span class='ocrx_word' id='word_1_192' title='bbox 668 2066 762 2119; x_wconf 89' lang='lat' dir='ltr'><strong>verus,</strong></span> <span class='ocrx_word' id='word_1_193' title='bbox 772 2067 809 2105; x_wconf 92' lang='lat' dir='ltr'><strong>ne</strong></span> <span class='ocrx_word' id='word_1_194' title='bbox 822 2048 984 2126; x_wconf 88' lang='lat' dir='ltr'><strong>opprimar;</strong></span> <span class='ocrx_word' id='word_1_195' title='bbox 1005 2048 1051 2106; x_wconf 85' lang='lat' dir='ltr'><strong>sin</strong></span> <span class='ocrx_word' id='word_1_196' title='bbox 1066 2048 1162 2121; x_wconf 88' lang='lat' dir='ltr'><strong>falsus,</strong></span> <span class='ocrx_word' id='word_1_197' title='bbox 1172 2057 1204 2105; x_wconf 91' lang='lat' dir='ltr'><strong>ut</strong></span> 
     </span>
     <span class='ocr_line' id='line_1_23' title="bbox 228 2124 800 2202; baseline -0.002 -18"><span class='ocrx_word' id='word_1_198' title='bbox 228 2127 344 2184; x_wconf 88' lang='lat' dir='ltr'><strong>tandem</strong></span> <span class='ocrx_word' id='word_1_199' title='bbox 360 2127 513 2202; x_wconf 89' lang='lat' dir='ltr'><strong>aliquando</strong></span> <span class='ocrx_word' id='word_1_200' title='bbox 526 2125 626 2183; x_wconf 91' lang='lat' dir='ltr'><strong>timere</strong></span> <span class='ocrx_word' id='word_1_201' title='bbox 640 2124 800 2183; x_wconf 89' lang='lat' dir='ltr'><strong>desinam.&#39;&#39;</strong></span> 
     </span>
     <span class='ocr_line' id='line_1_24' title="bbox 266 2198 1203 2341; baseline -0.002 -78"><span class='ocrx_word' id='word_1_202' title='bbox 266 2204 353 2263; x_wconf 88' lang='lat' dir='ltr'>VIII.</span> <span class='ocrx_word' id='word_1_203' title='bbox 376 2205 450 2263; x_wconf 82' lang='lat' dir='ltr'><strong>Haeo</strong></span> <span class='ocrx_word' id='word_1_204' title='bbox 464 2206 489 2263; x_wconf 87' lang='lat' dir='ltr'><strong>si</strong></span> <span class='ocrx_word' id='word_1_205' title='bbox 500 2215 595 2263; x_wconf 90' lang='lat' dir='ltr'><strong>tecum</strong></span> <span class='ocrx_word' id='word_1_206' title='bbox 617 2203 663 2281; x_wconf 87' lang='lat' dir='ltr'><strong>(ut</strong></span> <span class='ocrx_word' id='word_1_207' title='bbox 677 2205 751 2341; x_wconf 43' lang='lat' dir='ltr'><strong>dixi?</strong></span> <span class='ocrx_word' id='word_1_208' title='bbox 765 2205 860 2283; x_wconf 87' lang='lat' dir='ltr'><strong>patria</strong></span> <span class='ocrx_word' id='word_1_209' title='bbox 872 2198 1013 2284; x_wconf 73' lang='lat' dir='ltr'><strong>loquaiur,</strong></span> <span class='ocrx_word' id='word_1_210' title='bbox 1027 2222 1125 2264; x_wconf 85' lang='lat' dir='ltr'><strong>nonne</strong></span> <span class='ocrx_word' id='word_1_211' title='bbox 1150 2203 1203 2262; x_wconf 90' lang='lat' dir='ltr'><strong>im·</strong></span> 
     </span>
     <span class='ocr_line' id='line_1_25' title="bbox 228 2282 1202 2362; baseline -0.002 -21"><span class='ocrx_word' id='word_1_212' title='bbox 228 2295 338 2359; x_wconf 85' lang='lat' dir='ltr'><strong>petrare</strong></span> <span class='ocrx_word' id='word_1_213' title='bbox 359 2285 472 2355; x_wconf 83' lang='lat' dir='ltr'><strong>debeat,</strong></span> <span class='ocrx_word' id='word_1_214' title='bbox 500 2282 613 2341; x_wconf 88' lang='lat' dir='ltr'><strong>etiamsi</strong></span> <span class='ocrx_word' id='word_1_215' title='bbox 634 2283 691 2341; x_wconf 89' lang='lat' dir='ltr'><strong>vim</strong></span> <span class='ocrx_word' id='word_1_216' title='bbox 713 2303 730 2343; x_wconf 88' lang='lat' dir='ltr'><strong>a</strong></span> <span class='ocrx_word' id='word_1_217' title='bbox 752 2286 851 2344; x_wconf 89' lang='lat' dir='ltr'><strong>bibere</strong></span> <span class='ocrx_word' id='word_1_218' title='bbox 871 2306 930 2344; x_wconf 90' lang='lat' dir='ltr'><strong>non</strong></span> <span class='ocrx_word' id='word_1_219' title='bbox 949 2285 1059 2362; x_wconf 77' lang='lat' dir='ltr'><strong>possiti</strong></span> <span class='ocrx_word' id='word_1_220' title='bbox 1096 2283 1202 2345; x_wconf 76' lang='lat' dir='ltr'><strong>Quidr</strong></span> 
     </span>
     <span class='ocr_line' id='line_1_26' title="bbox 174 2361 1202 2440; baseline -0.002 -19"><span class='ocrx_word' id='word_1_221' title='bbox 174 2366 210 2421; x_wconf 77' lang='lat'><strong>25</strong></span> <span class='ocrx_word' id='word_1_222' title='bbox 227 2361 303 2438; x_wconf 80' lang='lat' dir='ltr'><strong>qubd</strong></span> <span class='ocrx_word' id='word_1_223' title='bbox 324 2372 355 2419; x_wconf 93' lang='lat' dir='ltr'><strong>tu</strong></span> <span class='ocrx_word' id='word_1_224' title='bbox 375 2373 404 2419; x_wconf 89' lang='lat' dir='ltr'><strong>te</strong></span> <span class='ocrx_word' id='word_1_225' title='bbox 424 2363 485 2437; x_wconf 92' lang='lat' dir='ltr'><strong>ipse</strong></span> <span class='ocrx_word' id='word_1_226' title='bbox 505 2362 535 2419; x_wconf 92' lang='lat' dir='ltr'><strong>in</strong></span> <span class='ocrx_word' id='word_1_227' title='bbox 550 2362 711 2421; x_wconf 88' lang='lat' dir='ltr'><strong>custodiam</strong></span> <span class='ocrx_word' id='word_1_228' title='bbox 732 2364 859 2422; x_wconf 85' lang='lat' dir='ltr'><strong>dedistil</strong></span> <span class='ocrx_word' id='word_1_229' title='bbox 872 2366 940 2440; x_wconf 92' lang='lat' dir='ltr'><strong>quid</strong></span> <span class='ocrx_word' id='word_1_230' title='bbox 951 2365 964 2421; x_wconf 84' lang='lat' dir='ltr'><strong>l</strong></span> <span class='ocrx_word' id='word_1_231' title='bbox 977 2362 1064 2440; x_wconf 75' lang='lat' dir='ltr'><strong>quod,</strong></span> <span class='ocrx_word' id='word_1_232' title='bbox 1079 2361 1202 2420; x_wconf 72' lang='lat' dir='ltr'><strong>vitandae</strong></span> 
     </span>
     <span class='ocr_line' id='line_1_27' title="bbox 227 2440 1202 2518; baseline -0.001 -20"><span class='ocrx_word' id='word_1_233' title='bbox 227 2441 399 2517; x_wconf 90' lang='lat' dir='ltr'><strong>suspicionis</strong></span> <span class='ocrx_word' id='word_1_234' title='bbox 412 2441 510 2510; x_wconf 73' lang='lat' dir='ltr'><strong>causi,</strong></span> <span class='ocrx_word' id='word_1_235' title='bbox 525 2442 601 2516; x_wconf 89' lang='lat' dir='ltr'><strong>apud</strong></span> <span class='ocrx_word' id='word_1_236' title='bbox 615 2441 656 2499; x_wconf 88' lang='lat' dir='ltr'><strong>M.</strong></span> <span class='ocrx_word' id='word_1_237' title='bbox 668 2440 812 2518; x_wconf 90' lang='lat' dir='ltr'><strong>Lepidum</strong></span> <span class='ocrx_word' id='word_1_238' title='bbox 825 2454 854 2501; x_wconf 89' lang='lat' dir='ltr'><strong>te</strong></span> <span class='ocrx_word' id='word_1_239' title='bbox 866 2441 1074 2500; x_wconf 85' lang='lat' dir='ltr'><strong>babitarevelle</strong></span> <span class='ocrx_word' id='word_1_240' title='bbox 1085 2440 1202 2498; x_wconf 75' lang='lat' dir='ltr'><strong>dixistit</strong></span> 
     </span>
     <span class='ocr_line' id='line_1_28' title="bbox 228 2520 1202 2594; baseline -0.002 -18"><span class='ocrx_word' id='word_1_241' title='bbox 228 2538 314 2594; x_wconf 90' lang='lat' dir='ltr'><strong>aquo</strong></span> <span class='ocrx_word' id='word_1_242' title='bbox 327 2537 384 2577; x_wconf 88' lang='lat' dir='ltr'><strong>uon</strong></span> <span class='ocrx_word' id='word_1_243' title='bbox 396 2529 538 2594; x_wconf 85' lang='lat' dir='ltr'><strong>receptus,</strong></span> <span class='ocrx_word' id='word_1_244' title='bbox 552 2520 640 2576; x_wconf 84' lang='lat' dir='ltr'><strong>etiam</strong></span> <span class='ocrx_word' id='word_1_245' title='bbox 655 2520 692 2577; x_wconf 90' lang='lat' dir='ltr'><strong>ad</strong></span> <span class='ocrx_word' id='word_1_246' title='bbox 707 2539 753 2577; x_wconf 93' lang='lat' dir='ltr'><strong>me</strong></span> <span class='ocrx_word' id='word_1_247' title='bbox 767 2520 866 2578; x_wconf 90' lang='lat' dir='ltr'><strong>venire</strong></span> <span class='ocrx_word' id='word_1_248' title='bbox 886 2538 974 2576; x_wconf 89' lang='lat' dir='ltr'><strong>ausus</strong></span> <span class='ocrx_word' id='word_1_249' title='bbox 986 2538 1038 2590; x_wconf 81' lang='lat' dir='ltr'><strong>es3</strong></span> <span class='ocrx_word' id='word_1_250' title='bbox 1060 2527 1154 2593; x_wconf 89' lang='lat' dir='ltr'><strong>atque,</strong></span> <span class='ocrx_word' id='word_1_251' title='bbox 1170 2528 1202 2575; x_wconf 91' lang='lat' dir='ltr'><strong>ut</strong></span> 
     </span>
     <span class='ocr_line' id='line_1_29' title="bbox 227 2596 1202 2675; baseline -0.002 -20"><span class='ocrx_word' id='word_1_252' title='bbox 227 2597 304 2655; x_wconf 88' lang='lat' dir='ltr'><strong>domi</strong></span> <span class='ocrx_word' id='word_1_253' title='bbox 319 2617 390 2656; x_wconf 72' lang='lat' dir='ltr'><strong>meae</strong></span> <span class='ocrx_word' id='word_1_254' title='bbox 404 2598 761 2675; x_wconf 20' lang='lat' dir='ltr'><strong>tetasservarem,·rogristi.</strong></span> <span class='ocrx_word' id='word_1_255' title='bbox 803 2596 880 2655; x_wconf 81' lang='lat' dir='ltr'><strong>cum</strong></span> <span class='ocrx_word' id='word_1_256' title='bbox 895 2617 912 2655; x_wconf 91' lang='lat' dir='ltr'><strong>a</strong></span> <span class='ocrx_word' id='word_1_257' title='bbox 925 2617 971 2655; x_wconf 91' lang='lat' dir='ltr'><strong>me</strong></span> <span class='ocrx_word' id='word_1_258' title='bbox 990 2615 1102 2674; x_wconf 88' lang='lat' dir='ltr'><strong>quoque</strong></span> <span class='ocrx_word' id='word_1_259' title='bbox 1116 2596 1145 2654; x_wconf 91' lang='lat' dir='ltr'><strong>id</strong></span> <span class='ocrx_word' id='word_1_260' title='bbox 1158 2616 1202 2654; x_wconf 90' lang='lat' dir='ltr'><strong>re·</strong></span> 
     </span>
     <span class='ocr_line' id='line_1_30' title="bbox 227 2672 1201 2754; baseline -0.002 -20"><span class='ocrx_word' id='word_1_261' title='bbox 227 2695 362 2754; x_wconf 90' lang='lat' dir='ltr'><strong>sponsum</strong></span> <span class='ocrx_word' id='word_1_262' title='bbox 376 2677 500 2747; x_wconf 85' lang='lat' dir='ltr'><strong>tulisses,</strong></span> <span class='ocrx_word' id='word_1_263' title='bbox 509 2695 555 2733; x_wconf 94' lang='lat' dir='ltr'><strong>me</strong></span> <span class='ocrx_word' id='word_1_264' title='bbox 569 2677 648 2735; x_wconf 90' lang='lat' dir='ltr'><strong>nullo</strong></span> <span class='ocrx_word' id='word_1_265' title='bbox 660 2678 747 2736; x_wconf 90' lang='lat' dir='ltr'><strong>modo</strong></span> <span class='ocrx_word' id='word_1_266' title='bbox 759 2696 843 2753; x_wconf 90' lang='lat' dir='ltr'><strong>posse</strong></span> <span class='ocrx_word' id='word_1_267' title='bbox 856 2677 959 2736; x_wconf 88' lang='lat' dir='ltr'><strong>iisdem</strong></span> <span class='ocrx_word' id='word_1_268' title='bbox 972 2676 1128 2754; x_wconf 90' lang='lat' dir='ltr'><strong>parietibus</strong></span> <span class='ocrx_word' id='word_1_269' title='bbox 1138 2672 1201 2735; x_wconf 81' lang='lat' dir='ltr'><strong>tntd</strong></span> 
     </span>
     <span class='ocr_line' id='line_1_31' title="bbox 106 2755 1203 2833; baseline 0 -21"><span class='ocrx_word' id='word_1_270' title='bbox 106 2827 109 2833; x_wconf 26' lang='grc' dir='ltr'><strong><em>Ι</em></strong></span> <span class='ocrx_word' id='word_1_271' title='bbox 174 2758 210 2812; x_wconf 85' lang='grc'><strong>30</strong></span> <span class='ocrx_word' id='word_1_272' title='bbox 225 2775 289 2814; x_wconf 87' lang='lat' dir='ltr'><strong>esse</strong></span> <span class='ocrx_word' id='word_1_273' title='bbox 310 2768 417 2827; x_wconf 87' lang='lat' dir='ltr'><strong>tecum,</strong></span> <span class='ocrx_word' id='word_1_274' title='bbox 436 2755 486 2831; x_wconf 90' lang='lat' dir='ltr'><strong>qui</strong></span> <span class='ocrx_word' id='word_1_275' title='bbox 499 2774 605 2833; x_wconf 80' lang='lat' dir='ltr'><strong>magno</strong></span> <span class='ocrx_word' id='word_1_276' title='bbox 618 2756 647 2814; x_wconf 92' lang='lat' dir='ltr'><strong>in</strong></span> <span class='ocrx_word' id='word_1_277' title='bbox 661 2757 791 2833; x_wconf 85' lang='lat' dir='ltr'><strong>periculo</strong></span> <span class='ocrx_word' id='word_1_278' title='bbox 804 2776 907 2828; x_wconf 90' lang='lat' dir='ltr'><strong>essem,</strong></span> <span class='ocrx_word' id='word_1_279' title='bbox 921 2758 997 2832; x_wconf 90' lang='lat' dir='ltr'><strong>quod</strong></span> <span class='ocrx_word' id='word_1_280' title='bbox 1011 2756 1113 2814; x_wconf 85' lang='lat' dir='ltr'><strong>iisdem</strong></span> <span class='ocrx_word' id='word_1_281' title='bbox 1133 2773 1203 2812; x_wconf 75' lang='lat' dir='ltr'><strong>mte-</strong></span> 
     </span>
     <span class='ocr_line' id='line_1_32' title="bbox 226 2834 1202 2913; baseline -0.001 -21"><span class='ocrx_word' id='word_1_282' title='bbox 226 2835 312 2892; x_wconf 92' lang='lat' dir='ltr'><strong>nibus</strong></span> <span class='ocrx_word' id='word_1_283' title='bbox 332 2835 564 2905; x_wconf 84' lang='lat' dir='ltr'><strong>contineremur3</strong></span> <span class='ocrx_word' id='word_1_284' title='bbox 586 2836 622 2893; x_wconf 92' lang='lat' dir='ltr'><strong>ad</strong></span> <span class='ocrx_word' id='word_1_285' title='bbox 637 2835 679 2896; x_wconf 78' lang='lat' dir='ltr'><strong>Q.</strong></span> <span class='ocrx_word' id='word_1_286' title='bbox 695 2834 847 2895; x_wconf 88' lang='lat' dir='ltr'><strong>Metellum</strong></span> <span class='ocrx_word' id='word_1_287' title='bbox 867 2846 1017 2913; x_wconf 82' lang='lat' dir='ltr'><strong>praetorem</strong></span> <span class='ocrx_word' id='word_1_288' title='bbox 1040 2834 1163 2892; x_wconf 87' lang='lat' dir='ltr'><strong>venisti:</strong></span> <span class='ocrx_word' id='word_1_289' title='bbox 1185 2853 1202 2891; x_wconf 91' lang='lat' dir='ltr'><strong>a</strong></span> 
     </span>
     <span class='ocr_line' id='line_1_33' title="bbox 225 2911 1203 2991; baseline 0 -21"><span class='ocrx_word' id='word_1_290' title='bbox 225 2934 282 2989; x_wconf 92' lang='lat' dir='ltr'><strong>quo</strong></span> <span class='ocrx_word' id='word_1_291' title='bbox 296 2915 470 2991; x_wconf 89' lang='lat' dir='ltr'><strong>repudiatus,</strong></span> <span class='ocrx_word' id='word_1_292' title='bbox 486 2913 521 2970; x_wconf 89' lang='lat' dir='ltr'><strong>ad</strong></span> <span class='ocrx_word' id='word_1_293' title='bbox 535 2915 663 2972; x_wconf 86' lang='lat' dir='ltr'><strong>sodalem</strong></span> <span class='ocrx_word' id='word_1_294' title='bbox 678 2926 769 2987; x_wconf 89' lang='lat' dir='ltr'><strong>tuum,</strong></span> <span class='ocrx_word' id='word_1_295' title='bbox 784 2915 876 2973; x_wconf 90' lang='lat' dir='ltr'><strong>virum</strong></span> <span class='ocrx_word' id='word_1_296' title='bbox 889 2916 1039 2989; x_wconf 87' lang='lat' dir='ltr'><strong>optimum,</strong></span> <span class='ocrx_word' id='word_1_297' title='bbox 1067 2913 1108 2970; x_wconf 91' lang='lat' dir='ltr'><strong>M.</strong></span> <span class='ocrx_word' id='word_1_298' title='bbox 1123 2911 1203 2970; x_wconf 89' lang='lat' dir='ltr'><strong>Mar·</strong></span> 
     </span>
     <span class='ocr_line' id='line_1_34' title="bbox 226 2992 1201 3070; baseline -0.002 -20"><span class='ocrx_word' id='word_1_299' title='bbox 226 2992 342 3065; x_wconf 89' lang='lat' dir='ltr'><strong>cellum,</strong></span> <span class='ocrx_word' id='word_1_300' title='bbox 353 2992 536 3070; x_wconf 79' lang='lat' dir='ltr'><strong>demigrristi3</strong></span> <span class='ocrx_word' id='word_1_301' title='bbox 559 3011 644 3068; x_wconf 93' lang='lat' dir='ltr'><strong>quem</strong></span> <span class='ocrx_word' id='word_1_302' title='bbox 658 3003 691 3050; x_wconf 89' lang='lat' dir='ltr'><strong>tu</strong></span> <span class='ocrx_word' id='word_1_303' title='bbox 706 2994 841 3051; x_wconf 87' lang='lat' dir='ltr'><strong>videlicet</strong></span> <span class='ocrx_word' id='word_1_304' title='bbox 853 3004 883 3050; x_wconf 89' lang='lat' dir='ltr'><strong>et</strong></span> <span class='ocrx_word' id='word_1_305' title='bbox 894 2994 928 3049; x_wconf 91' lang='lat' dir='ltr'><strong>ad</strong></span> <span class='ocrx_word' id='word_1_306' title='bbox 939 2992 1161 3051; x_wconf 87' lang='lat' dir='ltr'><strong>custodiendum</strong></span> <span class='ocrx_word' id='word_1_307' title='bbox 1171 3002 1201 3048; x_wconf 88' lang='lat' dir='ltr'><strong>te</strong></span> 
     </span>
     <span class='ocr_line' id='line_1_35' title="bbox 226 3069 1201 3150; baseline -0.003 -21"><span class='ocrx_word' id='word_1_308' title='bbox 226 3073 487 3150; x_wconf 85' lang='lat' dir='ltr'><strong>diligentissimum,</strong></span> <span class='ocrx_word' id='word_1_309' title='bbox 496 3082 526 3130; x_wconf 90' lang='lat' dir='ltr'><strong>et</strong></span> <span class='ocrx_word' id='word_1_310' title='bbox 536 3073 571 3129; x_wconf 88' lang='lat' dir='ltr'><strong>ad</strong></span> <span class='ocrx_word' id='word_1_311' title='bbox 586 3071 794 3148; x_wconf 87' lang='lat' dir='ltr'><strong>suspicandum</strong></span> <span class='ocrx_word' id='word_1_312' title='bbox 810 3071 1038 3147; x_wconf 83' lang='lat' dir='ltr'><strong>sagacissimum,</strong></span> <span class='ocrx_word' id='word_1_313' title='bbox 1048 3080 1078 3128; x_wconf 90' lang='lat' dir='ltr'><strong>et</strong></span> <span class='ocrx_word' id='word_1_314' title='bbox 1092 3070 1128 3126; x_wconf 88' lang='lat' dir='ltr'><strong>ad</strong></span> <span class='ocrx_word' id='word_1_315' title='bbox 1140 3069 1201 3126; x_wconf 87' lang='lat' dir='ltr'><strong>vin·</strong></span> 
     </span>
     <span class='ocr_line' id='line_1_36' title="bbox 173 3146 1200 3226; baseline -0.006 -18"><span class='ocrx_word' id='word_1_316' title='bbox 173 3155 209 3209; x_wconf 84' lang='lat'><strong>35</strong></span> <span class='ocrx_word' id='word_1_317' title='bbox 226 3152 382 3211; x_wconf 87' lang='lat' dir='ltr'><strong>dicandum</strong></span> <span class='ocrx_word' id='word_1_318' title='bbox 392 3151 585 3222; x_wconf 88' lang='lat' dir='ltr'><strong>sortisslmum,</strong></span> <span class='ocrx_word' id='word_1_319' title='bbox 595 3151 655 3209; x_wconf 86' lang='lat' dir='ltr'><strong>fore</strong></span> <span class='ocrx_word' id='word_1_320' title='bbox 668 3150 784 3226; x_wconf 71' lang='lat' dir='ltr'><strong>putasti.</strong></span> <span class='ocrx_word' id='word_1_321' title='bbox 827 3151 886 3208; x_wconf 87' lang='lat' dir='ltr'><strong>Sed</strong></span> <span class='ocrx_word' id='word_1_322' title='bbox 894 3149 980 3226; x_wconf 74' lang='lat' dir='ltr'><strong>quim</strong></span> <span class='ocrx_word' id='word_1_323' title='bbox 992 3146 1078 3226; x_wconf 73' lang='lat' dir='ltr'><strong>longe</strong></span> <span class='ocrx_word' id='word_1_324' title='bbox 1088 3148 1200 3204; x_wconf 89' lang='lat' dir='ltr'><strong>videtur</strong></span> 
     </span>
     <span class='ocr_line' id='line_1_37' title="bbox 227 3224 1201 3308; baseline -0.007 -21"><span class='ocrx_word' id='word_1_325' title='bbox 227 3249 244 3287; x_wconf 87' lang='lat' dir='ltr'><strong>a</strong></span> <span class='ocrx_word' id='word_1_326' title='bbox 257 3250 374 3290; x_wconf 87' lang='lat' dir='ltr'><strong>carcere</strong></span> <span class='ocrx_word' id='word_1_327' title='bbox 389 3243 473 3308; x_wconf 90' lang='lat' dir='ltr'><strong>atque</strong></span> <span class='ocrx_word' id='word_1_328' title='bbox 488 3251 504 3288; x_wconf 85' lang='lat' dir='ltr'><strong>a</strong></span> <span class='ocrx_word' id='word_1_329' title='bbox 518 3229 642 3288; x_wconf 89' lang='lat' dir='ltr'><strong>vinculis</strong></span> <span class='ocrx_word' id='word_1_330' title='bbox 655 3230 756 3288; x_wconf 89' lang='lat' dir='ltr'><strong>abesse</strong></span> <span class='ocrx_word' id='word_1_331' title='bbox 767 3231 882 3302; x_wconf 87' lang='lat' dir='ltr'><strong>debere,</strong></span> <span class='ocrx_word' id='word_1_332' title='bbox 893 3230 942 3304; x_wconf 91' lang='lat' dir='ltr'><strong>qui</strong></span> <span class='ocrx_word' id='word_1_333' title='bbox 956 3249 987 3286; x_wconf 85' lang='lat' dir='ltr'><strong>se</strong></span> <span class='ocrx_word' id='word_1_334' title='bbox 998 3229 1059 3305; x_wconf 89' lang='lat' dir='ltr'><strong>ipse</strong></span> <span class='ocrx_word' id='word_1_335' title='bbox 1067 3228 1128 3303; x_wconf 85' lang='lat' dir='ltr'><strong>jam</strong></span> <span class='ocrx_word' id='word_1_336' title='bbox 1139 3224 1201 3300; x_wconf 86' lang='lat' dir='ltr'><strong>dig·</strong></span> 
     </span>
     <span class='ocr_line' id='line_1_38' title="bbox 225 3310 648 3385; baseline 0 -20"><span class='ocrx_word' id='word_1_337' title='bbox 225 3328 294 3365; x_wconf 91' lang='lat' dir='ltr'><strong>num</strong></span> <span class='ocrx_word' id='word_1_338' title='bbox 309 3312 441 3369; x_wconf 69' lang='lat' dir='ltr'><strong>custodib</strong></span> <span class='ocrx_word' id='word_1_339' title='bbox 453 3310 648 3385; x_wconf 84' lang='lat' dir='ltr'><strong>judicaveritl</strong></span> 
     </span>
     <span class='ocr_line' id='line_1_39' title="bbox 263 3380 1199 3459; baseline -0.009 -14"><span class='ocrx_word' id='word_1_340' title='bbox 263 3386 341 3447; x_wconf 80' lang='lat' dir='ltr'><strong>Quae</strong></span> <span class='ocrx_word' id='word_1_341' title='bbox 355 3386 424 3444; x_wconf 80' lang='lat' dir='ltr'><strong>crim</strong></span> <span class='ocrx_word' id='word_1_342' title='bbox 438 3388 479 3443; x_wconf 86' lang='lat' dir='ltr'><strong>ita</strong></span> <span class='ocrx_word' id='word_1_343' title='bbox 492 3387 560 3454; x_wconf 88' lang='lat' dir='ltr'><strong>sint,</strong></span> <span class='ocrx_word' id='word_1_344' title='bbox 574 3386 712 3454; x_wconf 89' lang='lat' dir='ltr'><strong>Catilina,</strong></span> <span class='ocrx_word' id='word_1_345' title='bbox 726 3385 852 3453; x_wconf 88' lang='lat' dir='ltr'><strong>dubitas,</strong></span> <span class='ocrx_word' id='word_1_346' title='bbox 867 3384 891 3439; x_wconf 90' lang='lat' dir='ltr'><strong>si</strong></span> <span class='ocrx_word' id='word_1_347' title='bbox 905 3381 954 3439; x_wconf 90' lang='lat' dir='ltr'><strong>hio</strong></span> <span class='ocrx_word' id='word_1_348' title='bbox 970 3380 1102 3459; x_wconf 87' lang='lat' dir='ltr'><strong>[morari]</strong></span> <span class='ocrx_word' id='word_1_349' title='bbox 1118 3399 1199 3456; x_wconf 81' lang='lat' dir='ltr'><strong>aeqno</strong></span> 
     </span>
     <span class='ocr_line' id='line_1_40' title="bbox 226 3459 1200 3539; baseline -0.005 -18"><span class='ocrx_word' id='word_1_350' title='bbox 226 3464 322 3523; x_wconf 89' lang='lat' dir='ltr'><strong>animo</strong></span> <span class='ocrx_word' id='word_1_351' title='bbox 335 3484 392 3521; x_wconf 91' lang='lat' dir='ltr'><strong>non</strong></span> <span class='ocrx_word' id='word_1_352' title='bbox 407 3474 498 3539; x_wconf 86' lang='lat' dir='ltr'><strong>potes,</strong></span> <span class='ocrx_word' id='word_1_353' title='bbox 508 3463 587 3519; x_wconf 86' lang='lat' dir='ltr'><strong>obire</strong></span> <span class='ocrx_word' id='word_1_354' title='bbox 601 3461 631 3517; x_wconf 91' lang='lat' dir='ltr'><strong>in</strong></span> <span class='ocrx_word' id='word_1_355' title='bbox 646 3460 755 3536; x_wconf 87' lang='lat' dir='ltr'><strong>aliquas</strong></span> <span class='ocrx_word' id='word_1_356' title='bbox 768 3473 868 3531; x_wconf 86' lang='lat' dir='ltr'><strong>terras,</strong></span> <span class='ocrx_word' id='word_1_357' title='bbox 879 3474 909 3517; x_wconf 90' lang='lat' dir='ltr'><strong>et</strong></span> <span class='ocrx_word' id='word_1_358' title='bbox 918 3460 1003 3518; x_wconf 89' lang='lat' dir='ltr'><strong>vitam</strong></span> <span class='ocrx_word' id='word_1_359' title='bbox 1020 3459 1115 3529; x_wconf 88' lang='lat' dir='ltr'><strong>istam,</strong></span> <span class='ocrx_word' id='word_1_360' title='bbox 1128 3459 1200 3516; x_wconf 90' lang='lat' dir='ltr'><strong>mul·</strong></span> 
     </span>
     <span class='ocr_line' id='line_1_41' title="bbox 173 3537 1199 3620; baseline -0.002 -22"><span class='ocrx_word' id='word_1_361' title='bbox 173 3544 209 3598; x_wconf 81' lang='lat'><strong>40</strong></span> <span class='ocrx_word' id='word_1_362' title='bbox 224 3544 262 3600; x_wconf 91' lang='lat' dir='ltr'><strong>tis</strong></span> <span class='ocrx_word' id='word_1_363' title='bbox 283 3542 431 3620; x_wconf 76' lang='lat' dir='ltr'><strong>suppliciis</strong></span> <span class='ocrx_word' id='word_1_364' title='bbox 448 3542 534 3618; x_wconf 87' lang='lat' dir='ltr'><strong>justis</strong></span> <span class='ocrx_word' id='word_1_365' title='bbox 554 3539 715 3614; x_wconf 90' lang='lat' dir='ltr'><strong>debitisque</strong></span> <span class='ocrx_word' id='word_1_366' title='bbox 735 3549 873 3616; x_wconf 89' lang='lat' dir='ltr'><strong>ereptam,</strong></span> <span class='ocrx_word' id='word_1_367' title='bbox 896 3538 971 3616; x_wconf 76' lang='lat' dir='ltr'><strong>fugae</strong></span> <span class='ocrx_word' id='word_1_368' title='bbox 995 3537 1199 3613; x_wconf 76' lang='lat' dir='ltr'><strong>silitudinique</strong></span> 
     </span>
     <span class='ocr_line' id='line_1_42' title="bbox 225 3623 382 3681; baseline -0.006 -1"><span class='ocrx_word' id='word_1_369' title='bbox 225 3623 382 3681; x_wconf 73' lang='lat' dir='ltr'><strong>mandaret</strong></span> 
     </span>
     <span class='ocr_line' id='line_1_43' title="bbox 265 3696 1199 3775; baseline -0.009 -14"><span class='ocrx_word' id='word_1_370' title='bbox 265 3709 283 3735; x_wconf 92' lang='lat'>“</span> <span class='ocrx_word' id='word_1_371' title='bbox 296 3702 415 3769; x_wconf 86' lang='lat' dir='ltr'><strong>Reler‚&#39;’</strong></span> <span class='ocrx_word' id='word_1_372' title='bbox 428 3700 531 3775; x_wconf 89' lang='lat' dir='ltr'><strong>inquis,</strong></span> <span class='ocrx_word' id='word_1_373' title='bbox 546 3705 565 3732; x_wconf 86' lang='lat'><strong>“</strong></span> <span class='ocrx_word' id='word_1_374' title='bbox 579 3698 615 3755; x_wconf 88' lang='lat' dir='ltr'><strong>ad</strong></span> <span class='ocrx_word' id='word_1_375' title='bbox 627 3697 767 3754; x_wconf 87' lang='lat' dir='ltr'><strong>Senatum</strong></span> <span class='ocrx_word' id='word_1_376' title='bbox 777 3698 795 3723; x_wconf 90' lang='lat'>”</span> <span class='ocrx_word' id='word_1_377' title='bbox 811 3696 853 3770; x_wconf 86' lang='lat' dir='ltr'><strong>(id</strong></span> <span class='ocrx_word' id='word_1_378' title='bbox 864 3697 942 3754; x_wconf 89' lang='lat' dir='ltr'><strong>enim</strong></span> <span class='ocrx_word' id='word_1_379' title='bbox 952 3696 1108 3773; x_wconf 87' lang='lat' dir='ltr'><strong>postulas):</strong></span> <span class='ocrx_word' id='word_1_380' title='bbox 1123 3706 1162 3767; x_wconf 90' lang='lat' dir='ltr'><strong>et,</strong></span> <span class='ocrx_word' id='word_1_381' title='bbox 1174 3696 1199 3753; x_wconf 90' lang='lat' dir='ltr'><strong>si</strong></span> 
     </span>
     <span class='ocr_line' id='line_1_44' title="bbox 225 3776 1200 3857; baseline -0.009 -17"><span class='ocrx_word' id='word_1_382' title='bbox 225 3781 273 3840; x_wconf 91' lang='lat' dir='ltr'><strong>hic</strong></span> <span class='ocrx_word' id='word_1_383' title='bbox 287 3782 357 3840; x_wconf 92' lang='lat' dir='ltr'><strong>ordo</strong></span> <span class='ocrx_word' id='word_1_384' title='bbox 371 3782 486 3857; x_wconf 88' lang='lat' dir='ltr'><strong>placere</strong></span> <span class='ocrx_word' id='word_1_385' title='bbox 500 3779 554 3837; x_wconf 90' lang='lat' dir='ltr'><strong>sibi</strong></span> <span class='ocrx_word' id='word_1_386' title='bbox 569 3776 738 3847; x_wconf 90' lang='lat' dir='ltr'><strong>decreverit,</strong></span> <span class='ocrx_word' id='word_1_387' title='bbox 753 3788 781 3834; x_wconf 88' lang='lat' dir='ltr'><strong>te</strong></span> <span class='ocrx_word' id='word_1_388' title='bbox 796 3777 836 3834; x_wconf 87' lang='lat' dir='ltr'><strong>ire</strong></span> <span class='ocrx_word' id='word_1_389' title='bbox 851 3776 880 3833; x_wconf 91' lang='lat' dir='ltr'><strong>in</strong></span> <span class='ocrx_word' id='word_1_390' title='bbox 894 3776 1037 3847; x_wconf 82' lang='lat' dir='ltr'><strong>exsilium,</strong></span> <span class='ocrx_word' id='word_1_391' title='bbox 1052 3776 1200 3851; x_wconf 84' lang='lat' dir='ltr'><strong>obtempe-</strong></span> 
     </span>
     <span class='ocr_line' id='line_1_45' title="bbox 224 3855 1199 3932; baseline -0.009 -12"><span class='ocrx_word' id='word_1_392' title='bbox 224 3873 351 3920; x_wconf 87' lang='lat' dir='ltr'><strong>raturum</strong></span> <span class='ocrx_word' id='word_1_393' title='bbox 366 3874 394 3918; x_wconf 91' lang='lat' dir='ltr'><strong>te</strong></span> <span class='ocrx_word' id='word_1_394' title='bbox 414 3880 477 3918; x_wconf 89' lang='lat' dir='ltr'><strong>esse</strong></span> <span class='ocrx_word' id='word_1_395' title='bbox 498 3859 580 3918; x_wconf 90' lang='lat' dir='ltr'><strong>dicis.</strong></span> <span class='ocrx_word' id='word_1_396' title='bbox 623 3856 690 3915; x_wconf 90' lang='lat' dir='ltr'><strong>Non</strong></span> <span class='ocrx_word' id='word_1_397' title='bbox 713 3857 832 3915; x_wconf 85' lang='lat' dir='ltr'><strong>reseram</strong></span> <span class='ocrx_word' id='word_1_398' title='bbox 855 3856 910 3931; x_wconf 86' lang='lat' dir='ltr'><strong>(id,</strong></span> <span class='ocrx_word' id='word_1_399' title='bbox 930 3857 1006 3932; x_wconf 93' lang='lat' dir='ltr'><strong>qnod</strong></span> <span class='ocrx_word' id='word_1_400' title='bbox 1027 3855 1162 3915; x_wconf 88' lang='lat' dir='ltr'><strong>abhorret</strong></span> <span class='ocrx_word' id='word_1_401' title='bbox 1182 3872 1199 3911; x_wconf 88' lang='grc' dir='ltr'><strong>ιι</strong></span> 
     </span>
    </p>
   </div>
   <div class='ocr_carea' id='block_1_3' title="bbox 0 0 1350 4484">
    <p class='ocr_par' dir='ltr' id='par_1_3' title="bbox 0 0 1350 4484">
     <span class='ocr_line' id='line_1_46' title="bbox 0 0 1350 4484; baseline 0 3"><span class='ocrx_word' id='word_1_402' title='bbox 0 0 1350 4484; x_wconf 95' lang='lat' dir='ltr'><strong> </strong></span> 
     </span>
    </p>
   </div>
  </div>
 </body>
</html>
